time,stockid,StockID,StockName,date,price,open,close,high,low,vol,amount,cjbs,yclose,syl1,syl2,buy1,buy2,buy3,buy4,buy5,sale1,sale2,sale3,sale4,sale5,bc1,bc2,bc3,bc4,bc5,sc1,sc2,sc3,sc4,sc5,wb,lb,zmm,buy_vol,buy_amount,sale_vol,sale_amount,w_buy,w_sale,sectional_buy_vol,sectional_buy_amount,sectional_sale_vol,sectional_sale_amount,sectional_w_buy,sectional_w_sale,sectional_yclose,sectional_open,sectional_close,sectional_high,sectional_low,sectional_vol,sectional_amount,sectional_cjbs,sectional_wb
2018-06-06 09:15:09,<NIL>,SH600637,东方明珠,43257.3855208333,0,0,0,0,0,0,0,0,0,0,0,17.76,0,0,0,0,17.76,0,0,0,0,200,100,0,0,0,200,0,0,0,0,1.5,0,0,0,0,0,0,300,200,0,0,0,0,300,200,17.73,17.63,0,0,0,0,0,0,1.5
2018-06-06 09:20:00,<NIL>,SH600637,东方明珠,43257.3888888889,0,0,0,0,0,0,0,0,0,0,0,17.76,0,0,0,0,17.76,0,0,0,0,300,0,0,0,0,300,1900,0,0,0,0.136363636363636,0,0,0,0,0,0,300,2200,0,0,0,0,600,2400,17.73,17.63,0,0,0,0,0,0,0.25
2018-06-06 09:20:03,<NIL>,SH600637,东方明珠,43257.3889236111,0,0,0,0,0,0,0,0,0,0,0,17.73,0,0,0,0,17.73,0,0,0,0,1900,3200,0,0,0,1900,0,0,0,0,2.68421052631579,0,0,0,0,0,0,5100,1900,0,0,0,0,5700,4300,17.73,17.63,0,0,0,0,0,0,1.32558139534884
2018-06-06 09:20:15,<NIL>,SH600637,东方明珠,43257.3890625,0,0,0,0,0,0,0,0,0,0,0,17.8,0,0,0,0,17.8,0,0,0,0,5300,700,0,0,0,5300,0,0,0,0,1.13207547169811,0,0,0,0,0,0,6000,5300,0,0,0,0,11700,9600,17.73,17.63,0,0,0,0,0,0,1.21875
2018-06-06 09:22:06,<NIL>,SH600637,东方明珠,43257.3903472222,0,0,0,0,0,0,0,0,0,0,0,17.8,0,0,0,0,17.8,0,0,0,0,6000,0,0,0,0,6000,9300,0,0,0,0.392156862745098,0,0,0,0,0,0,6000,15300,0,0,0,0,17700,24900,17.73,17.63,0,0,0,0,0,0,0.710843373493976
2018-06-06 09:22:12,<NIL>,SH600637,东方明珠,43257.3904166667,0,0,0,0,0,0,0,0,0,0,0,17.73,0,0,0,0,17.73,0,0,0,0,6900,4500,0,0,0,6900,0,0,0,0,1.65217391304348,0,0,0,0,0,0,11400,6900,0,0,0,0,29100,31800,17.73,17.63,0,0,0,0,0,0,0.915094339622642
2018-06-06 09:22:24,<NIL>,SH600637,东方明珠,43257.3905555556,0,0,0,0,0,0,0,0,0,0,0,17.73,0,0,0,0,17.73,0,0,0,0,11400,0,0,0,0,11400,25500,0,0,0,0.308943089430894,0,0,0,0,0,0,11400,36900,0,0,0,0,40500,68700,17.73,17.63,0,0,0,0,0,0,0.589519650655022
2018-06-06 09:22:45,<NIL>,SH600637,东方明珠,43257.3907986111,0,0,0,0,0,0,0,0,0,0,0,17.73,0,0,0,0,17.73,0,0,0,0,11400,0,0,0,0,11400,25572,0,0,0,0.308341447581954,0,0,0,0,0,0,11400,36972,0,0,0,0,51900,105672,17.73,17.63,0,0,0,0,0,0,0.491142402907109
2018-06-06 09:23:36,<NIL>,SH600637,东方明珠,43257.3913888889,0,0,0,0,0,0,0,0,0,0,0,17.73,0,0,0,0,17.73,0,0,0,0,11900,0,0,0,0,11900,25072,0,0,0,0.321865195282917,0,0,0,0,0,0,11900,36972,0,0,0,0,63800,142644,17.73,17.63,0,0,0,0,0,0,0.447267322845686
2018-06-06 09:24:15,<NIL>,SH600637,东方明珠,43257.3918402778,0,0,0,0,0,0,0,0,0,0,0,17.73,0,0,0,0,17.73,0,0,0,0,14600,0,0,0,0,14600,22372,0,0,0,0.394893432868116,0,0,0,0,0,0,14600,36972,0,0,0,0,78400,179616,17.73,17.63,0,0,0,0,0,0,0.436486727240335
2018-06-06 09:24:21,<NIL>,SH600637,东方明珠,43257.3919097222,0,0,0,0,0,0,0,0,0,0,0,17.63,0,0,0,0,17.63,0,0,0,0,22900,0,0,0,0,22900,12472,0,0,0,0.647404726902635,0,0,0,0,0,0,22900,35372,0,0,0,0,101300,214988,17.73,17.63,0,0,0,0,0,0,0.471189089623607
2018-06-06 09:24:27,<NIL>,SH600637,东方明珠,43257.3919791667,0,0,0,0,0,0,0,0,0,0,0,17.63,0,0,0,0,17.63,0,0,0,0,25400,0,0,0,0,25400,9972,0,0,0,0.718082098835237,0,0,0,0,0,0,25400,35372,0,0,0,0,126700,250360,17.73,17.63,0,0,0,0,0,0,0.506071257389359
2018-06-06 09:24:42,<NIL>,SH600637,东方明珠,43257.3921527778,0,0,0,0,0,0,0,0,0,0,0,17.63,0,0,0,0,17.63,0,0,0,0,25800,0,0,0,0,25800,15772,0,0,0,0.620610025979024,0,0,0,0,0,0,25800,41572,0,0,0,0,152500,291932,17.73,17.63,0,0,0,0,0,0,0.522381924557774
2018-06-06 09:24:45,<NIL>,SH600637,东方明珠,43257.3921875,0,0,0,0,0,0,0,0,0,0,0,17.63,0,0,0,0,17.63,0,0,0,0,26200,0,0,0,0,26200,15372,0,0,0,0.630231886846916,0,0,0,0,0,0,26200,41572,0,0,0,0,178700,333504,17.73,17.63,0,0,0,0,0,0,0.535825657263481
2018-06-06 09:25:01,<NIL>,SH600637,东方明珠,43257.3923726852,17.63,17.63,17.63,17.63,17.63,26200,461906,24,0,0,0,17.62,17.61,17.6,17.58,17.56,17.63,17.7,17.73,17.74,17.75,1000,4200,12600,1000,1300,15372,5000,30000,4000,200,0.368320750568057,0.832705795764923,3,13100,230953,13100,230953,20100,54572,13100,230953,13100,230953,198800,388076,17.73,17.63,17.63,17.63,17.63,26200,461906,24,0.51227079231903
2018-06-06 09:30:02,<NIL>,SH600637,东方明珠,43257.3958564815,17.63,17.63,17.63,17.63,17.63,25472,449023,27,17.63,0,0,17.63,17.62,17.61,17.6,17.59,17.7,17.73,17.75,17.76,17.77,60028,1600,37000,11600,800,35500,30000,200,2000,1000,1.61612809315866,1.64227378368378,1,25472,449023,0,0,111028,68700,38572,679976,13100,230953,309828,456776,17.73,17.63,17.63,17.65,17.61,51672,910929,51,0.678293080196858
2018-06-06 09:30:05,<NIL>,SH600637,东方明珠,43257.3958912037,17.63,17.63,17.63,17.63,17.63,2800,49365,5,17.63,0,0,17.63,17.62,17.61,17.6,17.59,17.7,17.73,17.75,17.76,17.77,62928,4600,38200,11600,800,35500,30000,200,2000,1000,1.71947598253275,1.73126518726349,2,0,0,2800,49365,118128,68700,38572,679976,15900,280318,427956,525476,17.73,17.63,17.63,17.65,17.61,54472,960294,56,0.814415881981289
2018-06-06 09:30:07,<NIL>,SH600637,东方明珠,43257.3959143519,17.63,17.63,17.63,17.63,17.63,600,10578,1,17.63,0,0,17.63,17.62,17.61,17.6,17.59,17.7,17.73,17.75,17.76,17.77,63528,4600,38200,10100,800,35500,30000,200,2000,1000,1.70637554585153,1.75033485889435,2,0,0,600,10578,117228,68700,38572,679976,16500,290896,545184,594176,17.73,17.63,17.63,17.65,17.61,55072,970872,57,0.917546316242999
2018-06-06 09:30:14,<NIL>,SH600637,东方明珠,43257.3959953704,17.63,17.63,17.63,17.63,17.63,100,1763,1,17.63,0,0,17.63,17.62,17.61,17.6,17.59,17.7,17.73,17.75,17.76,17.77,63528,4500,38200,10100,800,35500,30000,200,2000,1000,1.70491994177584,1.75351309776306,2,0,0,100,1763,117128,68700,38572,679976,16600,292659,662312,662876,17.73,17.63,17.63,17.65,17.61,55172,972635,58,0.999149162135905
2018-06-06 09:30:20,<NIL>,SH600637,东方明珠,43257.3960648148,17.7,17.7,17.7,17.7,17.7,33000,584100,3,17.63,0,0,17.63,17.62,17.61,17.6,17.59,17.7,17.73,17.75,17.76,17.77,63228,4500,38200,10100,800,2500,30000,200,2000,1000,3.27249299719888,2.80234098434448,1,33000,584100,0,0,116828,35700,71572,1264076,16600,292659,779140,698576,17.73,17.63,17.7,17.7,17.61,88172,1556735,61,1.11532603467626
2018-06-06 09:30:22,<NIL>,SH600637,东方明珠,43257.396087963,17.63,17.63,17.63,17.63,17.63,1100,19414,2,17.7,0,0,17.64,17.63,17.62,17.61,17.6,17.7,17.73,17.75,17.76,17.77,900,62928,4500,38200,10100,2200,30000,200,2000,1000,3.29457627118644,2.8373019695282,2,0,0,1100,19414,116628,35400,71572,1264076,17700,312073,895768,733976,17.73,17.63,17.63,17.7,17.61,89272,1576149,63,1.22043227571474
2018-06-06 09:30:26,<NIL>,SH600637,东方明珠,43257.3961342593,17.64,17.64,17.64,17.64,17.64,300,5292,1,17.63,0,0,17.64,17.63,17.62,17.61,17.6,17.7,17.73,17.75,17.76,17.77,1000,62928,4500,37000,10100,2200,30000,200,2000,1000,3.26350282485876,2.84683680534363,2,0,0,300,5292,115528,35400,71572,1264076,18000,317365,1011296,769376,17.73,17.63,17.64,17.7,17.61,89572,1581441,64,1.31443663436343
2018-06-06 09:30:32,<NIL>,SH600637,东方明珠,43257.3962037037,17.64,17.64,17.64,17.64,17.64,5200,91728,2,17.64,0,0,17.64,17.63,17.62,17.61,17.6,17.7,17.73,17.75,17.76,17.77,2200,62928,4500,37000,10100,2200,30000,200,2000,1000,3.2974011299435,3.01210641860962,2,0,0,5200,91728,116728,35400,71572,1264076,23200,409093,1128024,804776,17.73,17.63,17.64,17.7,17.61,94772,1673169,66,1.40166207739793
2018-06-06 09:30:35,<NIL>,SH600637,东方明珠,43257.3962384259,17.64,17.64,17.64,17.64,17.64,0,0,0,17.64,0,0,17.65,17.64,17.63,17.62,17.61,17.7,17.73,17.75,17.76,17.77,1000,2600,63028,4500,37000,2200,30000,200,2000,1000,3.05446327683616,3.01210641860962,0,0,0,0,0,108128,35400,71572,1264076,23200,409093,1236152,840176,17.73,17.63,17.64,17.7,17.61,94772,1673169,66,1.47130125116642
2018-06-06 09:30:38,<NIL>,SH600637,东方明珠,43257.3962731482,17.64,17.64,17.64,17.64,17.64,0,0,0,17.64,0,0,17.65,17.64,17.63,17.62,17.61,17.7,17.73,17.75,17.76,17.77,1000,4700,63028,4500,37000,2200,30000,200,2000,1000,3.11378531073446,3.01210641860962,0,0,0,0,0,110228,35400,71572,1264076,23200,409093,1346380,875576,17.73,17.63,17.64,17.7,17.61,94772,1673169,66,1.53770774895612
2018-06-06 09:30:41,<NIL>,SH600637,东方明珠,43257.3963078704,17.64,17.64,17.64,17.64,17.64,0,0,0,17.64,0,0,17.65,17.64,17.63,17.62,17.61,17.7,17.73,17.75,17.76,17.77,1000,6000,58028,4500,37000,12200,30000,200,2000,1000,2.34643171806167,3.01210641860962,0,0,0,0,0,106528,45400,71572,1264076,23200,409093,1452908,920976,17.73,17.63,17.64,17.7,17.61,94772,1673169,66,1.57757422560414
2018-06-06 09:30:44,<NIL>,SH600637,东方明珠,43257.3963425926,17.64,17.64,17.64,17.64,17.64,0,0,0,17.64,0,0,17.65,17.64,17.63,17.62,17.61,17.7,17.72,17.73,17.75,17.76,1000,6700,58028,4500,37000,12200,800,30000,200,2000,2.37230088495575,3.01210641860962,0,0,0,0,0,107228,45200,71572,1264076,23200,409093,1560136,966176,17.73,17.63,17.64,17.7,17.61,94772,1673169,66,1.61475341966681
2018-06-06 09:30:45,<NIL>,SH600637,东方明珠,43257.3963541667,17.65,17.65,17.65,17.65,17.65,1000,17650,1,17.64,0,0,17.64,17.63,17.62,17.61,17.6,17.7,17.72,17.73,17.75,17.76,6700,58028,4500,37000,10100,12200,800,30000,10200,2000,2.10739130434783,3.04388928413391,2,0,0,1000,17650,116328,55200,71572,1264076,24200,426743,1676464,1021376,17.73,17.63,17.65,17.7,17.61,95772,1690819,67,1.64137790588383
2018-06-06 09:30:48,<NIL>,SH600637,东方明珠,43257.3963888889,17.65,17.65,17.65,17.65,17.65,0,0,0,17.65,0,0,17.65,17.64,17.63,17.62,17.61,17.7,17.72,17.73,17.75,17.76,5000,6700,57928,4500,37000,12200,800,30000,10200,2000,2.0131884057971,3.04388928413391,0,0,0,0,0,111128,55200,71572,1264076,24200,426743,1787592,1076576,17.73,17.63,17.65,17.7,17.61,95772,1690819,67,1.66044199387688
2018-06-06 09:30:54,<NIL>,SH600637,东方明珠,43257.3964583333,17.65,17.65,17.65,17.65,17.65,0,0,0,17.65,0,0,17.65,17.64,17.63,17.62,17.61,17.7,17.72,17.73,17.75,17.76,8000,8000,57928,5500,37000,12200,800,30000,10200,2000,2.10920289855072,3.04388928413391,0,0,0,0,0,116428,55200,71572,1264076,24200,426743,1904020,1131776,17.73,17.63,17.65,17.7,17.61,95772,1690819,67,1.68232936552816
2018-06-06 09:30:57,<NIL>,SH600637,东方明珠,43257.3964930556,17.65,17.65,17.65,17.65,17.65,5000,88250,1,17.65,0,0,17.65,17.64,17.63,17.62,17.61,17.7,17.72,17.73,17.75,17.76,3000,6800,57928,5500,37100,12200,800,30000,10200,2000,1.99869565217391,3.20280241966248,2,0,0,5000,88250,110328,55200,71572,1264076,29200,514993,2014348,1186976,17.73,17.63,17.65,17.7,17.61,100772,1779069,68,1.69704189469711
2018-06-06 09:31:02,<NIL>,SH600637,东方明珠,43257.3965509259,17.65,17.65,17.65,17.65,17.65,1600,28240,3,17.65,0,0,17.65,17.64,17.63,17.62,17.61,17.7,17.72,17.73,17.75,17.76,1400,6800,57928,5500,37100,12200,800,30000,10200,2000,1.96971014492754,1.62682735919952,2,0,0,1600,28240,108728,55200,71572,1264076,30800,543233,2123076,1242176,17.73,17.63,17.65,17.7,17.61,102372,1807309,71,1.7091587665516
2018-06-06 09:31:05,<NIL>,SH600637,东方明珠,43257.3965856481,17.65,17.65,17.65,17.65,17.65,17500,309375,8,17.65,0,0,17.65,17.64,17.63,17.62,17.61,17.66,17.7,17.72,17.73,17.75,2000,6800,57928,5500,38000,10100,2200,800,30000,10200,2.06806754221388,1.90492570400238,2,0,0,17500,309375,110228,53300,71572,1264076,48300,852608,2233304,1295476,17.73,17.63,17.65,17.7,17.61,119872,2116684,79,1.72392541428788
2018-06-06 09:31:08,<NIL>,SH600637,东方明珠,43257.3966203704,17.65,17.65,17.65,17.65,17.65,0,0,0,17.65,0,0,17.65,17.64,17.63,17.62,17.61,17.66,17.7,17.72,17.73,17.75,1000,6100,57928,5500,36700,10100,2200,800,30000,10200,2.01178236397749,1.90492570400238,0,0,0,0,0,107228,53300,71572,1264076,48300,852608,2340532,1348776,17.73,17.63,17.65,17.7,17.61,119872,2116684,79,1.73530074675113
2018-06-06 09:31:10,<NIL>,SH600637,东方明珠,43257.3966435185,17.65,17.65,17.65,17.65,17.65,300,5295,1,17.65,0,0,17.65,17.64,17.63,17.62,17.61,17.66,17.7,17.72,17.73,17.75,700,6100,48028,5600,36700,10100,2200,800,30000,10200,1.82228893058161,1.9096931219101,2,0,0,300,5295,97128,53300,71572,1264076,48600,857903,2437660,1402076,17.73,17.63,17.65,17.7,17.61,120172,2121979,80,1.73860760757619
2018-06-06 09:31:14,<NIL>,SH600637,东方明珠,43257.3966898148,17.66,17.66,17.66,17.66,17.66,4000,70640,4,17.65,0,0,17.65,17.64,17.63,17.62,17.61,17.66,17.7,17.72,17.73,17.75,1300,6600,48028,5600,36700,6100,2200,800,30000,10200,1.99245436105477,1.97325837612152,1,4000,70640,0,0,98228,49300,75572,1334716,48600,857903,2535888,1451376,17.73,17.63,17.66,17.7,17.61,124172,2192619,84,1.7472302146377
2018-06-06 09:31:17,<NIL>,SH600637,东方明珠,43257.396724537,17.65,17.65,17.65,17.65,17.65,100,1765,1,17.66,0,0,17.65,17.64,17.63,17.62,17.61,17.66,17.7,17.72,17.73,17.75,1000,6600,48028,5600,36800,6100,2200,800,30000,10200,1.98839756592292,1.97484755516052,2,0,0,100,1765,98028,49300,75572,1334716,48700,859668,2633916,1500676,17.73,17.63,17.65,17.7,17.61,124272,2194384,85,1.75515301104302
2018-06-06 09:31:20,<NIL>,SH600637,东方明珠,43257.3967592593,17.65,17.65,17.65,17.65,17.65,1100,19423,2,17.65,0,0,17.65,17.64,17.63,17.62,17.61,17.66,17.7,17.72,17.73,17.75,900,6600,48028,5600,36800,5300,2200,800,30000,10200,2.01913402061856,1.99232804775238,2,0,0,1100,19423,97928,48500,75572,1334716,49800,879091,2731844,1549176,17.73,17.63,17.65,17.7,17.61,125372,2213807,87,1.7634174554731
2018-06-06 09:31:23,<NIL>,SH600637,东方明珠,43257.3967939815,17.7,17.7,17.7,17.7,17.7,13100,231312,11,17.65,0,0,17.66,17.64,17.63,17.62,17.61,17.7,17.72,17.73,17.75,17.76,500,5400,48028,5600,36800,1400,800,30000,10200,2000,2.16954954954955,2.20050454139709,1,13100,231312,0,0,96328,44400,88672,1566028,49800,879091,2828172,1593576,17.73,17.63,17.7,17.7,17.61,138472,2445119,98,1.77473305320863
2018-06-06 09:31:26,<NIL>,SH600637,东方明珠,43257.3968287037,17.73,17.73,17.73,17.73,17.73,2400,42502,4,17.7,0,0,17.66,17.64,17.63,17.62,17.61,17.73,17.75,17.76,17.77,17.78,27600,4700,48028,5600,36800,29800,10200,2000,1000,6000,2.50465306122449,2.23864364624023,1,2400,42502,0,0,122728,49000,91072,1608530,49800,879091,2950900,1642576,17.73,17.63,17.73,17.73,17.61,140872,2487621,102,1.7965074370988
2018-06-06 09:31:32,<NIL>,SH600637,东方明珠,43257.3968981481,17.66,17.66,17.66,17.66,17.66,4800,84768,3,17.73,0,0,17.66,17.65,17.64,17.63,17.62,17.73,17.75,17.76,17.77,17.78,22800,700,4700,48028,6600,29800,10200,2000,1000,6000,1.69036734693878,2.31492209434509,2,0,0,4800,84768,82828,49000,91072,1608530,54600,963859,3033728,1691576,17.73,17.63,17.66,17.73,17.61,145672,2572389,105,1.79343286970257
2018-06-06 09:31:35,<NIL>,SH600637,东方明珠,43257.3969328704,17.66,17.66,17.66,17.66,17.66,0,0,0,17.66,0,0,17.67,17.66,17.65,17.64,17.63,17.73,17.75,17.76,17.77,17.78,100,22800,700,4700,48028,29800,10200,2000,1000,6000,1.55771428571429,2.31492209434509,0,0,0,0,0,76328,49000,91072,1608530,54600,963859,3110056,1740576,17.73,17.63,17.66,17.73,17.61,145672,2572389,105,1.7867970143217
2018-06-06 09:31:38,<NIL>,SH600637,东方明珠,43257.3969675926,17.73,17.73,17.73,17.73,17.73,22700,401072,5,17.66,0,0,17.67,17.66,17.65,17.64,17.63,17.73,17.75,17.76,17.77,17.78,600,2900,700,4700,48028,27100,10200,2000,1000,6000,1.2295464362851,2.67565536499023,1,22700,401072,0,0,56928,46300,113772,2009602,54600,963859,3166984,1786876,17.73,17.63,17.73,17.73,17.61,168372,2973461,110,1.77235801476991
2018-06-06 09:31:40,<NIL>,SH600637,东方明珠,43257.3969907407,17.67,17.67,17.67,17.67,17.67,600,10614,3,17.73,0,0,17.67,17.66,17.65,17.64,17.63,17.72,17.73,17.75,17.76,17.77,200,2900,700,4700,48028,3000,26900,10200,2000,1000,1.31155452436195,2.68518996238709,2,0,0,600,10614,56528,43100,113772,2009602,55200,974473,3223512,1829976,17.73,17.63,17.67,17.73,17.61,168972,2984075,113,1.76150506891894
2018-06-06 09:31:43,<NIL>,SH600637,东方明珠,43257.397025463,17.72,17.72,17.72,17.72,17.72,900,15948,1,17.67,0,0,17.67,17.66,17.65,17.64,17.63,17.72,17.73,17.75,17.76,17.77,200,3900,2700,4800,48028,2100,26900,10200,2000,1000,1.41298578199052,2.69949221611023,1,900,15948,0,0,59628,42200,114672,2025550,55200,974473,3283140,1872176,17.73,17.63,17.72,17.73,17.61,169872,3000023,114,1.75364922955961
2018-06-06 09:31:46,<NIL>,SH600637,东方明珠,43257.3970601852,17.72,17.72,17.72,17.72,17.72,0,0,0,17.72,0,0,17.67,17.66,17.65,17.64,17.63,17.72,17.73,17.75,17.76,17.77,200,5800,3700,5100,48028,2100,26900,10200,2000,1000,1.48881516587678,2.69949221611023,0,0,0,0,0,62828,42200,114672,2025550,55200,974473,3345968,1914376,17.73,17.63,17.72,17.73,17.61,169872,3000023,114,1.74781129725822
2018-06-06 09:31:50,<NIL>,SH600637,东方明珠,43257.3971064815,17.68,17.68,17.68,17.68,17.68,300,5304,1,17.72,0,0,17.68,17.67,17.66,17.65,17.64,17.72,17.73,17.75,17.76,17.77,200,200,5800,3700,3900,2100,26900,10200,2000,1000,0.327014218009479,2.70425963401794,1,300,5304,0,0,13800,42200,114972,2030854,55200,974473,3359768,1956576,17.73,17.63,17.68,17.73,17.61,170172,3005327,115,1.71716713278707
2018-06-06 09:31:53,<NIL>,SH600637,东方明珠,43257.3971412037,17.68,17.68,17.68,17.68,17.68,700,12376,3,17.68,0,0,17.67,17.66,17.65,17.64,17.63,17.68,17.72,17.73,17.75,17.76,200,3900,3700,4500,47028,400,12100,26900,10200,2000,1.14976744186047,2.71538352966309,2,0,0,700,12376,59328,51600,114972,2030854,55900,986849,3419096,2008176,17.73,17.63,17.68,17.73,17.61,170872,3017703,118,1.7025878209878
2018-06-06 09:31:56,<NIL>,SH600637,东方明珠,43257.3971759259,17.68,17.68,17.68,17.68,17.68,0,0,0,17.68,0,0,17.67,17.66,17.65,17.64,17.63,17.68,17.72,17.73,17.75,17.76,200,3900,3700,4500,47028,400,16168,26900,10200,2000,1.06574692821729,2.71538352966309,0,0,0,0,0,59328,55668,114972,2030854,55900,986849,3478424,2063844,17.73,17.63,17.68,17.73,17.61,170872,3017703,118,1.68541033140102
2018-06-06 09:31:57,<NIL>,SH600637,东方明珠,43257.3971875,17.68,17.68,17.68,17.68,17.68,400,7072,1,17.68,0,0,17.68,17.67,17.66,17.65,17.64,17.72,17.73,17.75,17.76,17.77,800,200,3900,3700,4500,16168,26900,10200,2000,1000,0.232814388284638,2.72174024581909,1,400,7072,0,0,13100,56268,115372,2037926,55900,986849,3491524,2120112,17.73,17.63,17.68,17.73,17.61,171272,3024775,119,1.64685827918525
2018-06-06 09:32:02,<NIL>,SH600637,东方明珠,43257.3972453704,17.67,17.67,17.67,17.67,17.67,3300,58319,5,17.68,0,0,17.67,17.66,17.65,17.64,17.63,17.72,17.73,17.75,17.76,17.77,400,3900,3900,4500,47028,16168,26900,10200,2000,1000,1.06149143385228,1.84945440292358,2,0,0,3300,58319,59728,56268,115372,2037926,59200,1045168,3551252,2176380,17.73,17.63,17.67,17.73,17.61,174572,3083094,124,1.6317242393332
2018-06-06 09:32:05,<NIL>,SH600637,东方明珠,43257.3972800926,17.67,17.67,17.67,17.67,17.67,0,0,0,17.67,0,0,17.67,17.66,17.65,17.64,17.63,17.72,17.73,17.75,17.76,17.77,1500,3900,4900,4500,47028,16168,26900,10200,2000,1000,1.09881282434066,1.84945440292358,0,0,0,0,0,61828,56268,115372,2037926,59200,1045168,3613080,2232648,17.73,17.63,17.67,17.73,17.61,174572,3083094,124,1.61829361368205
2018-06-06 09:32:10,<NIL>,SH600637,东方明珠,43257.397337963,17.68,17.68,17.68,17.68,17.68,300,5304,1,17.67,0,0,17.68,17.67,17.66,17.65,17.64,17.72,17.73,17.75,17.76,17.77,2900,1500,3900,4900,4500,16168,26900,10200,2000,1000,0.314566005544892,1.8526326417923,1,300,5304,0,0,17700,56268,115672,2043230,59200,1045168,3630780,2288916,17.73,17.63,17.68,17.73,17.61,174872,3088398,125,1.58624431827118
2018-06-06 09:32:14,<NIL>,SH600637,东方明珠,43257.3973842593,17.67,17.67,17.67,17.67,17.67,4400,77777,5,17.68,0,0,17.66,17.65,17.64,17.63,17.62,17.67,17.71,17.72,17.73,17.75,3900,5300,4500,47028,6600,1600,2000,16168,26900,10200,1.18393472603222,1.89924716949463,2,0,0,4400,77777,67328,56868,115672,2043230,63600,1122945,3698108,2345784,17.73,17.63,17.67,17.73,17.61,179272,3166175,130,1.57649127114858
2018-06-06 09:32:20,<NIL>,SH600637,东方明珠,43257.3974537037,17.66,17.66,17.66,17.66,17.66,1800,31803,3,17.67,0,0,17.66,17.65,17.64,17.63,17.62,17.67,17.71,17.72,17.73,17.75,3700,5300,4500,47028,6600,100,2000,16168,27000,10200,1.21021129299776,1.91831684112549,2,0,0,1800,31803,67128,55468,115672,2043230,65400,1154748,3765236,2401252,17.73,17.63,17.66,17.73,17.61,181072,3197978,133,1.56803034417046
2018-06-06 09:32:26,<NIL>,SH600637,东方明珠,43257.3975231481,17.66,17.66,17.66,17.66,17.66,0,0,0,17.66,0,0,17.66,17.65,17.64,17.63,17.62,17.67,17.71,17.72,17.73,17.75,8100,8100,4700,47028,6600,100,2000,16168,27000,10200,1.34362154755895,1.91831684112549,0,0,0,0,0,74528,55468,115672,2043230,65400,1154748,3839764,2456720,17.73,17.63,17.66,17.73,17.61,181072,3197978,133,1.56296362629848
2018-06-06 09:32:27,<NIL>,SH600637,东方明珠,43257.3975347222,17.66,17.66,17.66,17.66,17.66,2100,37092,3,17.66,0,0,17.66,17.65,17.64,17.63,17.62,17.71,17.72,17.73,17.75,17.76,8300,7900,5700,47028,6600,1900,16168,27000,10200,2000,1.31885171474471,1.94056463241577,2,0,0,2100,37092,75528,57268,115672,2043230,67500,1191840,3915292,2513988,17.73,17.63,17.66,17.73,17.61,183172,3235070,136,1.55740281974297
2018-06-06 09:32:30,<NIL>,SH600637,东方明珠,43257.3975694444,17.66,17.66,17.66,17.66,17.66,1300,22958,4,17.66,0,0,17.67,17.66,17.65,17.64,17.63,17.71,17.72,17.73,17.75,17.76,200,6200,7900,5700,47028,1900,16168,27000,10200,2000,1.17042676538381,1.95433712005615,2,0,0,1300,22958,67028,57268,115672,2043230,68800,1214798,3982320,2571256,17.73,17.63,17.66,17.73,17.61,184472,3258028,140,1.54878394061113
2018-06-06 09:32:34,<NIL>,SH600637,东方明珠,43257.3976157407,17.71,17.71,17.71,17.71,17.71,100,1771,1,17.66,0,0,17.67,17.66,17.65,17.64,17.63,17.71,17.72,17.73,17.75,17.76,200,6200,8000,5700,47028,1800,16168,27000,10200,2000,1.17422334172964,1.95539653301239,1,100,1771,0,0,67128,57168,115772,2045001,68800,1214798,4049448,2628424,17.73,17.63,17.71,17.73,17.61,184572,3259799,141,1.54063727922131
2018-06-06 09:32:41,<NIL>,SH600637,东方明珠,43257.3976967593,17.65,17.65,17.65,17.65,17.65,10300,181870,8,17.71,0,0,17.65,17.64,17.63,17.62,17.61,17.71,17.72,17.73,17.75,17.76,4400,5700,47528,6600,37300,1800,16168,27000,10200,2000,1.77595857822558,2.0645170211792,2,0,0,10300,181870,101528,57168,115772,2045001,79100,1396668,4150976,2685592,17.73,17.63,17.65,17.73,17.61,194872,3441669,149,1.54564654645978
2018-06-06 09:32:44,<NIL>,SH600637,东方明珠,43257.3977314815,17.65,17.65,17.65,17.65,17.65,200,3536,2,17.65,0,0,17.65,17.64,17.63,17.62,17.61,17.71,17.72,17.73,17.75,17.76,4500,5700,47528,6600,39300,1700,16168,27000,10200,2000,1.81586878811243,2.06663584709167,2,0,0,200,3536,103628,57068,115772,2045001,79300,1400204,4254604,2742660,17.73,17.63,17.65,17.73,17.61,195072,3445205,151,1.5512692058075
2018-06-06 09:32:47,<NIL>,SH600637,东方明珠,43257.3977662037,17.71,17.71,17.71,17.71,17.71,3700,65527,2,17.65,0,0,17.71,17.67,17.65,17.64,17.63,17.72,17.73,17.75,17.76,17.77,6300,800,4500,5700,47528,16168,27000,10200,2000,1000,1.1500851546977,2.10583448410034,1,3700,65527,0,0,64828,56368,119472,2110528,79300,1400204,4319432,2799028,17.73,17.63,17.71,17.73,17.61,198772,3510732,153,1.5431899930976
2018-06-06 09:32:50,<NIL>,SH600637,东方明珠,43257.3978009259,17.71,17.71,17.71,17.71,17.71,6200,109802,2,17.71,0,0,17.71,17.67,17.65,17.64,17.63,17.72,17.73,17.75,17.76,17.77,200,800,4500,5700,47528,16168,27000,10200,2000,1000,1.04186772636957,2.17151856422424,2,0,0,6200,109802,58728,56368,119472,2110528,85500,1510006,4378160,2855396,17.73,17.63,17.71,17.73,17.61,204972,3620534,155,1.53329345561877
2018-06-06 09:32:52,<NIL>,SH600637,东方明珠,43257.3978240741,17.67,17.67,17.67,17.67,17.67,500,8843,3,17.71,0,0,17.67,17.65,17.64,17.63,17.62,17.72,17.73,17.75,17.76,17.77,500,4500,5700,47528,6600,16168,27000,10200,2000,1000,1.1500851546977,2.17681574821472,2,0,0,500,8843,64828,56368,119472,2110528,86000,1518849,4442988,2911764,17.73,17.63,17.67,17.73,17.61,205472,3629377,158,1.52587503657577
2018-06-06 09:32:55,<NIL>,SH600637,东方明珠,43257.3978587963,17.67,17.67,17.67,17.67,17.67,0,0,0,17.67,0,0,17.67,17.65,17.64,17.63,17.62,17.71,17.72,17.73,17.75,17.76,500,4700,5700,47528,6600,300,16168,27000,10200,2000,1.168139685277,2.17681574821472,0,0,0,0,0,65028,55668,119472,2110528,86000,1518849,4508016,2967432,17.73,17.63,17.67,17.73,17.61,205472,3629377,158,1.51916404487112
2018-06-06 09:32:57,<NIL>,SH600637,东方明珠,43257.3978819444,17.67,17.67,17.67,17.67,17.67,500,8835,1,17.67,0,0,17.65,17.64,17.63,17.62,17.61,17.7,17.71,17.72,17.73,17.75,5100,5100,47528,6600,39300,8100,300,16168,27000,10200,1.67769718948323,2.1821129322052,2,0,0,500,8835,103628,61768,119472,2110528,86500,1527684,4611644,3029200,17.73,17.63,17.67,17.73,17.61,205972,3638212,159,1.52239667238875
2018-06-06 09:33:02,<NIL>,SH600637,东方明珠,43257.3979398148,17.66,17.66,17.66,17.66,17.66,3500,61800,3,17.67,0,0,17.66,17.65,17.64,17.63,17.62,17.7,17.71,17.72,17.73,17.75,2500,4100,5100,47528,6600,8100,300,14068,27000,10200,1.10323791647114,1.6643944978714,1,3500,61800,0,0,65828,59668,122972,2172328,86500,1527684,4677472,3088868,17.73,17.63,17.66,17.73,17.61,209472,3700012,162,1.51429973699103
2018-06-06 09:33:05,<NIL>,SH600637,东方明珠,43257.397974537,17.66,17.66,17.66,17.66,17.66,0,0,0,17.66,0,0,17.66,17.65,17.64,17.63,17.62,17.7,17.71,17.72,17.73,17.75,22500,5600,5100,46628,6600,8100,300,14068,27000,10200,1.44848159817658,1.6643944978714,0,0,0,0,0,86428,59668,122972,2172328,86500,1527684,4763900,3148536,17.73,17.63,17.66,17.73,17.61,209472,3700012,162,1.51305241547183
2018-06-06 09:33:06,<NIL>,SH600637,东方明珠,43257.3979861111,17.66,17.66,17.66,17.66,17.66,3000,52980,2,17.66,0,0,17.66,17.65,17.64,17.63,17.62,17.7,17.71,17.72,17.73,17.75,19500,5600,5100,46628,6600,8100,300,12000,27000,10200,1.44840277777778,1.68823146820068,2,0,0,3000,52980,83428,57600,122972,2172328,89500,1580664,4847328,3206136,17.73,17.63,17.66,17.73,17.61,212472,3752992,164,1.51189094910509
2018-06-06 09:33:09,<NIL>,SH600637,东方明珠,43257.3980208333,17.66,17.66,17.66,17.66,17.66,200,3532,1,17.66,0,0,17.67,17.66,17.65,17.64,17.63,17.69,17.7,17.72,17.73,17.75,600,20500,5600,5100,46728,2100,8100,12000,27000,10200,1.3220202020202,1.68982064723969,2,0,0,200,3532,78528,59400,122972,2172328,89700,1584196,4925856,3265536,17.73,17.63,17.66,17.73,17.61,212672,3756524,165,1.5084372060207
2018-06-06 09:33:13,<NIL>,SH600637,东方明珠,43257.3980671296,17.66,17.66,17.66,17.66,17.66,1200,21198,2,17.66,0,0,17.66,17.65,17.64,17.63,17.62,17.69,17.7,17.72,17.73,17.75,20100,5600,5100,46728,6600,2100,8100,12000,27000,10200,1.4162962962963,1.69935548305511,2,0,0,1200,21198,84128,59400,122972,2172328,90900,1605394,5009984,3324936,17.73,17.63,17.66,17.73,17.61,213872,3777722,167,1.50679110815968
2018-06-06 09:33:15,<NIL>,SH600637,东方明珠,43257.3980902778,17.66,17.66,17.66,17.66,17.66,300,5298,1,17.66,0,0,17.66,17.65,17.64,17.63,17.62,17.67,17.69,17.71,17.72,17.73,20800,6500,5100,46728,6600,8100,2100,2068,12000,27000,1.67215417024265,1.70173907279968,2,0,0,300,5298,85728,51268,122972,2172328,91200,1610692,5095712,3376204,17.73,17.63,17.66,17.73,17.61,214172,3783020,168,1.50930216302095
2018-06-06 09:33:20,<NIL>,SH600637,东方明珠,43257.3981481481,17.66,17.66,17.66,17.66,17.66,200,3532,1,17.66,0,0,17.66,17.65,17.64,17.63,17.62,17.67,17.69,17.71,17.72,17.73,27000,6500,5200,47228,6600,8100,2100,2068,12000,27000,1.80479051260045,1.70332825183868,2,0,0,200,3532,92528,51268,122972,2172328,91400,1614224,5188240,3427472,17.73,17.63,17.66,17.73,17.61,214372,3786552,169,1.51372206687611
2018-06-06 09:33:22,<NIL>,SH600637,东方明珠,43257.3981712963,17.67,17.67,17.67,17.67,17.67,5200,91856,3,17.66,0,0,17.66,17.65,17.64,17.63,17.62,17.67,17.69,17.71,17.72,17.73,24200,6500,5200,47228,6600,5700,2100,2068,12700,27000,1.81020012911556,1.74464571475983,1,5200,91856,0,0,89728,49568,128172,2264184,91400,1614224,5277968,3477040,17.73,17.63,17.67,17.73,17.61,219572,3878408,172,1.51794859995859
2018-06-06 09:33:25,<NIL>,SH600637,东方明珠,43257.3982060185,17.66,17.66,17.66,17.66,17.66,4200,74198,4,17.67,0,0,17.66,17.65,17.64,17.63,17.62,17.67,17.69,17.71,17.72,17.73,22600,7000,5200,48728,6600,3100,2100,2068,12700,27000,1.91892352239823,1.77801752090454,2,0,0,4200,74198,90128,46968,128172,2264184,95600,1688422,5368096,3524008,17.73,17.63,17.66,17.73,17.61,223772,3952606,176,1.5232927961571
2018-06-06 09:33:30,<NIL>,SH600637,东方明珠,43257.3982638889,17.67,17.67,17.67,17.67,17.67,22300,393839,8,17.66,0,0,17.66,17.65,17.64,17.63,17.62,17.67,17.69,17.71,17.72,17.73,2400,7000,5200,48728,6600,1000,2100,2068,12700,27000,1.5585272354462,1.9552059173584,1,22300,393839,0,0,69928,44868,150472,2658023,95600,1688422,5438024,3568876,17.73,17.63,17.67,17.73,17.61,246072,4346445,184,1.52373576442555
2018-06-06 09:33:32,<NIL>,SH600637,东方明珠,43257.398287037,17.66,17.66,17.66,17.66,17.66,2900,51239,3,17.67,0,0,17.66,17.65,17.64,17.63,17.62,17.69,17.71,17.72,17.73,17.75,1000,7000,5200,48728,6600,1600,2068,12700,27000,10200,1.27927120669056,1.97824823856354,2,0,0,2900,51239,68528,53568,150472,2658023,98500,1739661,5506552,3622444,17.73,17.63,17.66,17.73,17.61,248972,4397684,187,1.52012066991236
2018-06-06 09:33:35,<NIL>,SH600637,东方明珠,43257.3983217593,17.66,17.66,17.66,17.66,17.66,700,12362,1,17.66,0,0,17.66,17.65,17.64,17.63,17.62,17.69,17.71,17.72,17.73,17.75,500,7000,7200,48728,6800,1600,2068,12700,27000,10200,1.31100657108722,1.9838103055954,2,0,0,700,12362,70228,53568,150472,2658023,99200,1752023,5576780,3676012,17.73,17.63,17.66,17.73,17.61,249672,4410046,188,1.51707339366683
2018-06-06 09:33:38,<NIL>,SH600637,东方明珠,43257.3983564815,17.67,17.67,17.67,17.67,17.67,3600,63589,5,17.66,0,0,17.67,17.66,17.65,17.64,17.63,17.69,17.71,17.72,17.73,17.75,200,400,7000,7200,48728,1600,2068,12700,27000,10200,1.18593189964158,2.0124146938324,1,3600,63589,0,0,63528,53568,154072,2721612,99200,1752023,5640308,3729580,17.73,17.63,17.67,17.73,17.61,253272,4473635,193,1.51231720461821
2018-06-06 09:33:40,<NIL>,SH600637,东方明珠,43257.3983796296,17.67,17.67,17.67,17.67,17.67,200,3534,1,17.67,0,0,17.68,17.66,17.65,17.64,17.63,17.69,17.71,17.72,17.73,17.75,2600,400,8000,7500,48728,1600,2068,12700,27000,10200,1.25500298685783,2.01400375366211,2,0,0,200,3534,67228,53568,154072,2721612,99400,1755557,5707536,3783148,17.73,17.63,17.67,17.73,17.61,253472,4477169,194,1.50867372886284
2018-06-06 09:33:43,<NIL>,SH600637,东方明珠,43257.3984143519,17.67,17.67,17.67,17.67,17.67,0,0,0,17.67,0,0,17.68,17.66,17.65,17.64,17.63,17.69,17.71,17.72,17.73,17.75,2600,400,8000,7500,48628,1600,2068,12700,27000,10200,1.25313620071685,2.01400375366211,0,0,0,0,0,67128,53568,154072,2721612,99400,1755557,5774664,3836716,17.73,17.63,17.67,17.73,17.61,253472,4477169,194,1.50510592913314
2018-06-06 09:33:46,<NIL>,SH600637,东方明珠,43257.3984490741,17.68,17.68,17.68,17.68,17.68,1400,24752,1,17.67,0,0,17.68,17.66,17.65,17.64,17.63,17.69,17.71,17.72,17.73,17.75,1200,400,7800,7500,48628,1600,2068,12700,27000,10200,1.22326762246117,2.02512764930725,2,0,0,1400,24752,65528,53568,154072,2721612,100800,1780309,5840192,3890284,17.73,17.63,17.68,17.73,17.61,254872,4501921,195,1.50122510336006
2018-06-06 09:33:50,<NIL>,SH600637,东方明珠,43257.3984953704,17.68,17.68,17.68,17.68,17.68,500,8840,2,17.68,0,0,17.68,17.67,17.66,17.65,17.64,17.69,17.71,17.72,17.73,17.75,700,800,400,7800,7500,1600,2068,12700,27000,10200,0.321087216248507,2.0291006565094,2,0,0,500,8840,17200,53568,154072,2721612,101300,1789149,5857392,3943852,17.73,17.63,17.68,17.73,17.61,255372,4510761,197,1.48519569192759
2018-06-06 09:33:53,<NIL>,SH600637,东方明珠,43257.3985300926,17.68,17.68,17.68,17.68,17.68,0,0,0,17.68,0,0,17.68,17.67,17.66,17.65,17.64,17.69,17.71,17.72,17.73,17.75,700,800,400,7800,7500,1900,2068,12700,27000,10200,0.319299027251801,2.0291006565094,0,0,0,0,0,17200,53868,154072,2721612,101300,1789149,5874592,3997720,17.73,17.63,17.68,17.73,17.61,255372,4510761,197,1.46948560679587
2018-06-06 09:33:56,<NIL>,SH600637,东方明珠,43257.3985648148,17.68,17.68,17.68,17.68,17.68,0,0,0,17.68,0,0,17.68,17.67,17.66,17.65,17.64,17.69,17.71,17.72,17.73,17.75,1700,1000,400,7800,7500,1900,2068,12700,27000,10200,0.341575703571694,2.0291006565094,0,0,0,0,0,18400,53868,154072,2721612,101300,1789149,5892992,4051588,17.73,17.63,17.68,17.73,17.61,255372,4510761,197,1.45448944956891
2018-06-06 09:33:59,<NIL>,SH600637,东方明珠,43257.398599537,17.68,17.68,17.68,17.68,17.68,600,10609,3,17.68,0,0,17.68,17.67,17.66,17.65,17.64,17.69,17.71,17.72,17.73,17.75,1200,1000,400,7800,7600,1800,2068,12700,27000,10200,0.334771611367356,2.03386783599854,2,0,0,600,10609,18000,53768,154072,2721612,101900,1799758,5910992,4105356,17.73,17.63,17.68,17.73,17.61,255972,4521370,200,1.43982446345701
2018-06-06 09:34:02,<NIL>,SH600637,东方明珠,43257.3986342593,17.65,17.65,17.65,17.65,17.65,5400,95370,8,17.68,0,0,17.65,17.64,17.63,17.62,17.61,17.68,17.69,17.71,17.72,17.73,5000,7600,50128,6800,43900,1000,1800,2068,12700,27000,2.54505474780111,1.66141963005066,2,0,0,5400,95370,113428,44568,154072,2721612,107300,1895128,6024420,4149924,17.73,17.63,17.65,17.73,17.61,261372,4616740,208,1.45169405512005
2018-06-06 09:34:05,<NIL>,SH600637,东方明珠,43257.3986689815,17.65,17.65,17.65,17.65,17.65,0,0,0,17.65,0,0,17.65,17.64,17.63,17.62,17.61,17.68,17.69,17.71,17.72,17.73,5000,7600,50128,6800,43900,1100,1800,2068,12700,27000,2.53935703411838,1.66141963005066,0,0,0,0,0,113428,44668,154072,2721612,107300,1895128,6137848,4194592,17.73,17.63,17.65,17.73,17.61,261372,4616740,208,1.4632765236762
2018-06-06 09:34:08,<NIL>,SH600637,东方明珠,43257.3987037037,17.69,17.69,17.69,17.69,17.69,1500,26521,6,17.65,0,0,17.65,17.64,17.63,17.62,17.61,17.69,17.71,17.72,17.73,17.75,5000,7600,50128,6800,43900,1700,3068,12700,27000,10200,2.07485183288212,1.67095446586609,1,1500,26521,0,0,113428,54668,155572,2748133,107300,1895128,6251276,4249260,17.73,17.63,17.69,17.73,17.61,262872,4643261,214,1.47114462282845
2018-06-06 09:34:10,<NIL>,SH600637,东方明珠,43257.3987268519,17.65,17.65,17.65,17.65,17.65,200,3530,1,17.69,0,0,17.65,17.64,17.63,17.62,17.61,17.69,17.71,17.72,17.73,17.75,4900,7600,50128,6600,43900,1700,3068,12700,27000,10200,2.06936416184971,1.67222571372986,2,0,0,200,3530,113128,54668,155572,2748133,107500,1898658,6364404,4303928,17.73,17.63,17.65,17.73,17.61,263072,4646791,215,1.47874313882574
2018-06-06 09:34:13,<NIL>,SH600637,东方明珠,43257.3987615741,17.65,17.65,17.65,17.65,17.65,0,0,0,17.65,0,0,17.65,17.64,17.63,17.62,17.61,17.69,17.71,17.72,17.73,17.75,4900,7300,50128,6600,43900,1700,3068,12700,27000,10200,2.0638764908173,1.67222571372986,0,0,0,0,0,112828,54668,155572,2748133,107500,1898658,6477232,4358596,17.73,17.63,17.65,17.73,17.61,263072,4646791,215,1.48608221546571
2018-06-06 09:34:17,<NIL>,SH600637,东方明珠,43257.3988078704,17.67,17.67,17.67,17.67,17.67,300,5301,1,17.65,0,0,17.68,17.65,17.64,17.63,17.62,17.69,17.71,17.72,17.73,17.75,200,4900,7300,50128,6600,1700,3068,12700,27000,10200,1.26450574376235,1.6741327047348,1,300,5301,0,0,69128,54668,155872,2753434,107500,1898658,6546360,4413264,17.73,17.63,17.67,17.73,17.61,263372,4652092,216,1.48333750258312
2018-06-06 09:34:20,<NIL>,SH600637,东方明珠,43257.3988425926,17.68,17.68,17.68,17.68,17.68,200,3536,1,17.67,0,0,17.65,17.64,17.63,17.62,17.61,17.69,17.71,17.72,17.73,17.75,4900,7600,50128,6600,43900,1700,3068,12700,27000,10200,2.06936416184971,1.67540395259857,2,0,0,200,3536,113128,54668,155872,2753434,107700,1902194,6659488,4467932,17.73,17.63,17.68,17.73,17.61,263572,4655628,217,1.49050791283305
2018-06-06 09:34:23,<NIL>,SH600637,东方明珠,43257.3988773148,17.69,17.69,17.69,17.69,17.69,1100,19459,3,17.68,0,0,17.65,17.64,17.63,17.62,17.61,17.69,17.71,17.72,17.73,17.75,5100,7600,50128,6600,43900,600,3568,12700,27000,10200,2.09602722497596,1.68239617347717,1,1100,19459,0,0,113328,54068,156972,2772893,107700,1902194,6772816,4522000,17.73,17.63,17.69,17.73,17.61,264672,4675087,220,1.49774789915966
2018-06-06 09:34:29,<NIL>,SH600637,东方明珠,43257.3989467593,17.69,17.69,17.69,17.69,17.69,0,0,0,17.69,0,0,17.66,17.65,17.64,17.63,17.62,17.69,17.71,17.72,17.73,17.75,600,5100,7600,50128,6600,600,3568,12700,27000,10200,1.29518384256862,1.68239617347717,0,0,0,0,0,70028,54068,156972,2772893,107700,1902194,6842844,4576068,17.73,17.63,17.69,17.73,17.61,264672,4675087,220,1.49535452707434
2018-06-06 09:34:32,<NIL>,SH600637,东方明珠,43257.3989814815,17.65,17.65,17.65,17.65,17.65,1500,26481,6,17.69,0,0,17.65,17.64,17.63,17.62,17.61,17.66,17.69,17.71,17.72,17.73,4700,7600,50128,6600,43900,1600,600,3568,12700,27000,2.48368083047418,1.6919310092926,2,0,0,1500,26481,112928,45468,156972,2772893,109200,1928675,6955772,4621536,17.73,17.63,17.65,17.73,17.61,266172,4701568,226,1.50507796542102
2018-06-06 09:34:35,<NIL>,SH600637,东方明珠,43257.3990162037,17.71,17.71,17.71,17.71,17.71,3000,53038,5,17.65,0,0,17.65,17.64,17.63,17.62,17.61,17.71,17.72,17.73,17.75,17.76,4700,7600,50128,6600,43900,2768,12700,27000,10200,2000,2.06570571449477,1.71100056171417,1,3000,53038,0,0,112928,54668,159972,2825931,109200,1928675,7068700,4676204,17.73,17.63,17.71,17.73,17.61,269172,4754606,231,1.51163208448562
2018-06-06 09:34:38,<NIL>,SH600637,东方明珠,43257.3990509259,17.71,17.71,17.71,17.71,17.71,0,0,0,17.71,0,0,17.65,17.64,17.63,17.62,17.61,17.71,17.72,17.73,17.75,17.76,4900,6600,50128,6600,43900,2768,12700,27000,10200,2000,2.051071925075,1.71100056171417,0,0,0,0,0,112128,54668,159972,2825931,109200,1928675,7180828,4730872,17.73,17.63,17.71,17.73,17.61,269172,4754606,231,1.51786562815481
2018-06-06 09:34:40,<NIL>,SH600637,东方明珠,43257.3990740741,17.65,17.65,17.65,17.65,17.65,200,3530,1,17.71,0,0,17.65,17.64,17.63,17.62,17.61,17.71,17.72,17.73,17.75,17.76,4700,6600,50128,6600,43900,7768,12700,27000,10200,2000,1.87584634980224,1.71227192878723,2,0,0,200,3530,111928,59668,159972,2825931,109400,1932205,7292756,4790540,17.73,17.63,17.65,17.73,17.61,269372,4758136,232,1.52232441436665
2018-06-06 09:34:43,<NIL>,SH600637,东方明珠,43257.3991087963,17.65,17.65,17.65,17.65,17.65,0,0,0,17.65,0,0,17.65,17.64,17.63,17.62,17.61,17.71,17.72,17.73,17.75,17.76,5700,7600,50128,6600,43900,7768,12700,27000,10200,2000,1.90936515385131,1.71227192878723,0,0,0,0,0,113928,59668,159972,2825931,109400,1932205,7406684,4850208,17.73,17.63,17.65,17.73,17.61,269372,4758136,232,1.52708584868938
2018-06-06 09:34:46,<NIL>,SH600637,东方明珠,43257.3991435185,17.65,17.65,17.65,17.65,17.65,0,0,0,17.65,0,0,17.65,17.64,17.63,17.62,17.61,17.71,17.72,17.73,17.75,17.76,15700,7600,50128,6600,44300,8568,12700,27000,10200,2000,2.05609578620097,1.71227192878723,0,0,0,0,0,124328,60468,159972,2825931,109400,1932205,7531012,4910676,17.73,17.63,17.65,17.73,17.61,269372,4758136,232,1.53359985468396
2018-06-06 09:34:50,<NIL>,SH600637,东方明珠,43257.3991898148,17.65,17.65,17.65,17.65,17.65,200,3530,1,17.65,0,0,17.65,17.64,17.63,17.62,17.61,17.71,17.72,17.73,17.75,17.76,15500,7900,50128,6600,44300,8568,12700,27000,10200,2000,2.05774955348283,1.713543176651,2,0,0,200,3530,124428,60468,159972,2825931,109600,1935735,7655440,4971144,17.73,17.63,17.65,17.73,17.61,269572,4761666,233,1.53997550664394
2018-06-06 09:34:53,<NIL>,SH600637,东方明珠,43257.399224537,17.66,17.66,17.66,17.66,17.66,100,1766,1,17.65,0,0,17.69,17.66,17.65,17.64,17.63,17.71,17.72,17.73,17.75,17.76,1000,2600,16600,7900,50128,8568,12700,27000,10200,2000,1.29370906925977,1.71417880058289,1,100,1766,0,0,78228,60468,160072,2827697,109600,1935735,7733668,5031612,17.73,17.63,17.66,17.73,17.61,269672,4763432,234,1.53701597022982
2018-06-06 09:34:56,<NIL>,SH600637,东方明珠,43257.3992592593,17.66,17.66,17.66,17.66,17.66,0,0,0,17.66,0,0,17.69,17.65,17.64,17.63,17.62,17.71,17.72,17.73,17.75,17.76,1000,18200,7900,50128,7100,8568,12700,27000,10200,2000,1.39458887345373,1.71417880058289,0,0,0,0,0,84328,60468,160072,2827697,109600,1935735,7817996,5092080,17.73,17.63,17.66,17.73,17.61,269672,4763432,234,1.53532466104225
2018-06-06 09:35:00,<NIL>,SH600637,东方明珠,43257.3993055556,17.65,17.65,17.65,17.65,17.65,1800,31810,3,17.66,0,0,17.65,17.64,17.63,17.62,17.61,17.69,17.71,17.72,17.73,17.75,17400,7900,50128,7100,44300,500,8568,12700,27000,10200,2.15079365079365,1.72562062740326,2,0,0,1800,31810,126828,58968,160072,2827697,111400,1967545,7944824,5151048,17.73,17.63,17.65,17.73,17.61,271472,4795242,237,1.54237040695408
2018-06-06 09:35:04,<NIL>,SH600637,东方明珠,43257.3993518519,17.69,17.69,17.69,17.69,17.69,100,1769,1,17.65,0,0,17.66,17.65,17.64,17.63,17.62,17.69,17.71,17.72,17.73,17.75,500,17300,7900,50128,7100,400,8568,12700,27000,10200,1.40871101447306,1.43854689598084,1,100,1769,0,0,82928,58868,160172,2829466,111400,1967545,8027752,5209916,17.73,17.63,17.69,17.73,17.61,271572,4797011,238,1.54086015974154
2018-06-06 09:35:07,<NIL>,SH600637,东方明珠,43257.3993865741,17.66,17.66,17.66,17.66,17.66,300,5301,2,17.69,0,0,17.66,17.65,17.64,17.63,17.62,17.71,17.72,17.73,17.75,17.76,300,17300,7900,50128,7100,8568,12700,27000,10200,2000,1.36812859694384,1.44013607501984,2,0,0,300,5301,82728,60468,160172,2829466,111700,1972846,8110480,5270384,17.73,17.63,17.66,17.73,17.61,271872,4802312,240,1.53887838153728
2018-06-06 09:35:10,<NIL>,SH600637,东方明珠,43257.3994212963,17.66,17.66,17.66,17.66,17.66,200,3532,1,17.66,0,0,17.66,17.65,17.64,17.63,17.62,17.69,17.71,17.72,17.73,17.75,100,17800,7900,50128,6100,1100,8568,12700,27000,10200,1.37704807950577,1.44119548797607,2,0,0,200,3532,82028,59568,160172,2829466,111900,1976378,8192508,5329952,17.73,17.63,17.66,17.73,17.61,272072,4805844,241,1.53706975222291
2018-06-06 09:35:16,<NIL>,SH600637,东方明珠,43257.3994907407,17.66,17.66,17.66,17.66,17.66,0,0,0,17.66,0,0,17.66,17.65,17.64,17.63,17.62,17.69,17.71,17.72,17.73,17.75,10300,19800,7900,50128,6100,1100,8568,12700,27000,10200,1.58185603008327,1.44119548797607,0,0,0,0,0,94228,59568,160172,2829466,111900,1976378,8286736,5389520,17.73,17.63,17.66,17.73,17.61,272072,4805844,241,1.53756475530288
2018-06-06 09:35:20,<NIL>,SH600637,东方明珠,43257.399537037,17.66,17.66,17.66,17.66,17.66,200,3532,2,17.66,0,0,17.66,17.65,17.64,17.63,17.62,17.69,17.71,17.72,17.73,17.75,10300,19800,7900,50128,6100,1100,8568,12700,27000,10200,1.58185603008327,1.44225490093231,2,0,0,200,3532,94228,59568,160172,2829466,112100,1979910,8380964,5449088,17.73,17.63,17.66,17.73,17.61,272272,4809376,243,1.53804893589533
2018-06-06 09:35:23,<NIL>,SH600637,东方明珠,43257.3995717593,17.66,17.66,17.66,17.66,17.66,0,0,0,17.66,0,0,17.66,17.65,17.64,17.63,17.62,17.69,17.71,17.72,17.73,17.75,10500,19800,7900,50128,6100,1100,8568,12700,27000,10200,1.58521353746978,1.44225490093231,0,0,0,0,0,94428,59568,160172,2829466,112100,1979910,8475392,5508656,17.73,17.63,17.66,17.73,17.61,272272,4809376,243,1.53855895158456
2018-06-06 09:35:29,<NIL>,SH600637,东方明珠,43257.3996412037,17.66,17.66,17.66,17.66,17.66,10000,176600,3,17.66,0,0,17.66,17.65,17.64,17.63,17.62,17.69,17.71,17.72,17.73,17.75,2500,19800,7900,50128,6100,1100,8568,12700,27000,10200,1.45091324200913,1.49522602558136,2,0,0,10000,176600,86428,59568,160172,2829466,122100,2156510,8561820,5568224,17.73,17.63,17.66,17.73,17.61,282272,4985976,246,1.53762133132575
2018-06-06 09:35:32,<NIL>,SH600637,东方明珠,43257.3996759259,17.69,17.69,17.69,17.69,17.69,1400,24748,6,17.66,0,0,17.66,17.65,17.64,17.63,17.62,17.69,17.71,17.72,17.73,17.75,1900,19800,11200,50128,6100,300,8568,12700,27000,10200,1.5166076776477,1.50264191627502,1,1400,24748,0,0,89128,58768,161572,2854214,122100,2156510,8650948,5626992,17.73,17.63,17.69,17.73,17.61,283672,5010724,252,1.53740186586368
2018-06-06 09:35:35,<NIL>,SH600637,东方明珠,43257.3997106481,17.71,17.71,17.71,17.71,17.71,1900,33643,3,17.69,0,0,17.69,17.66,17.65,17.64,17.63,17.71,17.72,17.73,17.75,17.76,1900,2200,19500,11200,50128,6968,12700,27000,10200,2000,1.4426853298906,1.51270639896393,1,1900,33643,0,0,84928,58868,163472,2887857,122100,2156510,8735876,5685860,17.73,17.63,17.71,17.73,17.61,285572,5044367,255,1.53642122739568
2018-06-06 09:35:37,<NIL>,SH600637,东方明珠,43257.3997337963,17.65,17.65,17.65,17.65,17.65,20000,353106,16,17.71,0,0,17.65,17.64,17.63,17.62,17.61,17.71,17.72,17.73,17.75,17.76,3800,11200,50128,6100,44300,6968,12700,27000,10200,2000,1.96249235577903,1.61864864826202,2,0,0,20000,353106,115528,58868,163472,2887857,142100,2509616,8851404,5744728,17.73,17.63,17.65,17.73,17.61,305572,5397473,271,1.54078730968638
2018-06-06 09:35:39,<NIL>,SH600637,东方明珠,43257.3997569444,17.65,17.65,17.65,17.65,17.65,200,3530,1,17.65,0,0,17.66,17.65,17.64,17.63,17.62,17.71,17.72,17.73,17.75,17.76,2200,3600,11200,50128,6100,6968,12700,27000,10200,2000,1.24393558469797,1.61970806121826,2,0,0,200,3530,73228,58868,163472,2887857,142300,2513146,8924632,5803596,17.73,17.63,17.65,17.73,17.61,305772,5401003,272,1.53777623390739
2018-06-06 09:35:42,<NIL>,SH600637,东方明珠,43257.3997916667,17.65,17.65,17.65,17.65,17.65,0,0,0,17.65,0,0,17.68,17.66,17.65,17.64,17.63,17.71,17.72,17.73,17.75,17.76,300,2200,3600,11200,50128,6968,12700,27000,10200,2000,1.14541006998709,1.61970806121826,0,0,0,0,0,67428,58868,163472,2887857,142300,2513146,8992060,5862464,17.73,17.63,17.65,17.73,17.61,305772,5401003,272,1.53383628453838
2018-06-06 09:35:45,<NIL>,SH600637,东方明珠,43257.3998263889,17.68,17.68,17.68,17.68,17.68,100,1768,1,17.65,0,0,17.68,17.67,17.66,17.65,17.64,17.71,17.72,17.73,17.75,17.76,200,2000,2200,3600,11200,8468,12700,27000,10200,2000,0.318049297641134,1.62023782730103,2,0,0,100,1768,19200,60368,163472,2887857,142400,2514914,9011260,5922832,17.73,17.63,17.68,17.73,17.61,305872,5402771,273,1.52144447115839
2018-06-06 09:35:50,<NIL>,SH600637,东方明珠,43257.3998842593,17.66,17.66,17.66,17.66,17.66,3500,61834,5,17.68,0,0,17.66,17.65,17.64,17.63,17.62,17.71,17.72,17.73,17.75,17.76,4200,3700,11200,50128,6100,8468,12700,27000,10200,2000,1.24781341107872,1.63877761363983,2,0,0,3500,61834,75328,60368,163472,2887857,145900,2576748,9086588,5983200,17.73,17.63,17.66,17.73,17.61,309372,5464605,278,1.51868364754646
2018-06-06 09:35:53,<NIL>,SH600637,东方明珠,43257.3999189815,17.66,17.66,17.66,17.66,17.66,0,0,0,17.66,0,0,17.66,17.65,17.64,17.63,17.62,17.71,17.72,17.73,17.75,17.76,4200,5700,11200,50128,6100,8468,12700,27000,10200,2000,1.28094354624967,1.63877761363983,0,0,0,0,0,77328,60368,163472,2887857,145900,2576748,9163916,6043568,17.73,17.63,17.66,17.73,17.61,309372,5464605,278,1.51630890890944
2018-06-06 09:35:54,<NIL>,SH600637,东方明珠,43257.3999305556,17.71,17.71,17.71,17.71,17.71,2400,42504,3,17.66,0,0,17.67,17.66,17.65,17.64,17.63,17.71,17.72,17.73,17.75,17.76,100,4200,5700,11200,50128,8068,12700,27000,10200,2000,1.18943436499466,1.65149068832397,1,2400,42504,0,0,71328,59968,165872,2930361,145900,2576748,9235244,6103536,17.73,17.63,17.71,17.73,17.61,311772,5507109,281,1.51309732587798
2018-06-06 09:35:59,<NIL>,SH600637,东方明珠,43257.3999884259,17.66,17.66,17.66,17.66,17.66,1100,19472,3,17.71,0,0,17.66,17.65,17.64,17.63,17.62,17.71,17.72,17.73,17.75,17.76,4100,5700,11200,50128,6100,7168,12700,27000,10200,2000,1.30744226992619,1.65731751918793,2,0,0,1100,19472,77228,59068,165872,2930361,147000,2596220,9312472,6162604,17.73,17.63,17.66,17.73,17.61,312872,5526581,284,1.51112614083267
2018-06-06 09:36:01,<NIL>,SH600637,东方明珠,43257.4000115741,17.71,17.71,17.71,17.71,17.71,400,7084,1,17.66,0,0,17.66,17.65,17.64,17.63,17.62,17.71,17.72,17.73,17.75,17.76,4700,5700,11200,49528,6100,6768,12700,27000,10200,2000,1.3163564464444,1.42237401008606,1,400,7084,0,0,77228,58668,166272,2937445,147000,2596220,9389700,6221272,17.73,17.63,17.71,17.73,17.61,313272,5533665,285,1.50928941862693
2018-06-06 09:36:04,<NIL>,SH600637,东方明珠,43257.4000462963,17.71,17.71,17.71,17.71,17.71,0,0,0,17.71,0,0,17.67,17.66,17.65,17.64,17.63,17.71,17.72,17.73,17.75,17.76,400,4700,5800,10200,49528,6768,12700,27000,10200,2000,1.20385900320447,1.42237401008606,0,0,0,0,0,70628,58668,166272,2937445,147000,2596220,9460328,6279940,17.73,17.63,17.71,17.73,17.61,313272,5533665,285,1.50643604875206
2018-06-06 09:36:06,<NIL>,SH600637,东方明珠,43257.4000694444,17.71,17.71,17.71,17.71,17.71,200,3542,1,17.71,0,0,17.67,17.66,17.65,17.64,17.63,17.71,17.72,17.73,17.75,17.76,400,5700,8400,10200,49528,6568,12700,27000,10200,2000,1.26954915509338,1.42328214645386,1,200,3542,0,0,74228,58468,166472,2940987,147000,2596220,9534556,6338408,17.73,17.63,17.71,17.73,17.61,313472,5537207,286,1.50425090969215
2018-06-06 09:36:10,<NIL>,SH600637,东方明珠,43257.4001157407,17.66,17.66,17.66,17.66,17.66,1000,17664,3,17.71,0,0,17.66,17.65,17.64,17.63,17.62,17.71,17.72,17.73,17.75,17.76,5100,9400,11200,49528,6100,6568,12700,27000,10200,2000,1.39098310186769,1.42782247066498,2,0,0,1000,17664,81328,58468,166472,2940987,148000,2613884,9615884,6396876,17.73,17.63,17.66,17.73,17.61,314472,5554871,289,1.50321563213043
2018-06-06 09:36:13,<NIL>,SH600637,东方明珠,43257.400150463,17.66,17.66,17.66,17.66,17.66,0,0,0,17.66,0,0,17.69,17.66,17.65,17.64,17.63,17.71,17.72,17.73,17.75,17.76,3900,5600,9400,11200,49528,6568,12700,27000,10200,2000,1.361907368133,1.42782247066498,0,0,0,0,0,79628,58468,166472,2940987,148000,2613884,9695512,6455344,17.73,17.63,17.66,17.73,17.61,314472,5554871,289,1.50193576051098
2018-06-06 09:36:16,<NIL>,SH600637,东方明珠,43257.4001851852,17.66,17.66,17.66,17.66,17.66,0,0,0,17.66,0,0,17.69,17.67,17.66,17.65,17.64,17.71,17.72,17.73,17.75,17.76,3900,300,5600,10400,11200,6568,12700,27000,10200,2000,0.537045905452555,1.42782247066498,0,0,0,0,0,31400,58468,166472,2940987,148000,2613884,9726912,6513812,17.73,17.63,17.66,17.73,17.61,314472,5554871,289,1.4932749056927
2018-06-06 09:36:20,<NIL>,SH600637,东方明珠,43257.4002314815,17.69,17.69,17.69,17.69,17.69,1100,19459,2,17.66,0,0,17.69,17.67,17.66,17.65,17.64,17.71,17.72,17.73,17.75,17.76,2800,700,5600,10400,11200,6568,12700,27000,10200,2000,0.525073544502976,1.43281698226929,2,0,0,1100,19459,30700,58468,166472,2940987,149100,2633343,9757612,6572280,17.73,17.63,17.69,17.73,17.61,315572,5574330,291,1.48466163949193
2018-06-06 09:36:23,<NIL>,SH600637,东方明珠,43257.4002662037,17.69,17.69,17.69,17.69,17.69,100,1769,1,17.69,0,0,17.69,17.67,17.66,17.65,17.64,17.71,17.72,17.73,17.75,17.76,2700,700,5600,10400,11200,5768,12700,27000,10200,2000,0.530623569397239,1.4332709312439,2,0,0,100,1769,30600,57668,166472,2940987,149200,2635112,9788212,6629948,17.73,17.63,17.69,17.73,17.61,315672,5576099,292,1.47636331386008
2018-06-06 09:36:24,<NIL>,SH600637,东方明珠,43257.4002777778,17.71,17.71,17.71,17.71,17.71,600,10626,1,17.69,0,0,17.69,17.67,17.66,17.65,17.64,17.71,17.72,17.73,17.75,17.76,2700,700,5600,16600,11200,5168,12700,27000,10200,2000,0.64484474661807,1.435995221138,1,600,10626,0,0,36800,57068,167072,2951613,149200,2635112,9825012,6687016,17.73,17.63,17.71,17.73,17.61,316272,5586725,293,1.46926700938057
2018-06-06 09:36:27,<NIL>,SH600637,东方明珠,43257.4003125,17.71,17.71,17.71,17.71,17.71,0,0,0,17.71,0,0,17.69,17.67,17.66,17.65,17.64,17.71,17.72,17.73,17.75,17.76,2700,700,5600,16500,11200,5168,12700,27000,10200,2000,0.643092451110955,1.435995221138,0,0,0,0,0,36700,57068,167072,2951613,149200,2635112,9861712,6744084,17.73,17.63,17.71,17.73,17.61,316272,5586725,293,1.46227597402405
2018-06-06 09:36:33,<NIL>,SH600637,东方明珠,43257.4003819444,17.69,17.69,17.69,17.69,17.69,500,8845,2,17.71,0,0,17.69,17.67,17.66,17.65,17.64,17.71,17.72,17.73,17.75,17.76,6500,700,5500,16500,11100,5168,12700,27000,10200,2000,0.706175089367071,1.43826544284821,2,0,0,500,8845,40300,57068,167072,2951613,149700,2643957,9902012,6801152,17.73,17.63,17.69,17.73,17.61,316772,5595570,295,1.45593158335529
2018-06-06 09:36:34,<NIL>,SH600637,东方明珠,43257.4003935185,17.71,17.71,17.71,17.71,17.71,100,1771,1,17.69,0,0,17.69,17.67,17.66,17.65,17.64,17.71,17.72,17.73,17.75,17.76,6500,700,5500,16800,11100,5068,12700,27000,10200,2000,0.712680803257969,1.43871939182281,1,100,1771,0,0,40600,56968,167172,2953384,149700,2643957,9942612,6858120,17.73,17.63,17.71,17.73,17.61,316872,5597341,296,1.44975765953352
2018-06-06 09:36:40,<NIL>,SH600637,东方明珠,43257.400462963,17.71,17.71,17.71,17.71,17.71,300,5309,2,17.71,0,0,17.69,17.67,17.66,17.65,17.64,17.71,17.72,17.73,17.75,17.76,6600,400,5500,16700,11100,4968,12700,27000,10200,2000,0.708658648097348,1.44008159637451,1,300,5309,0,0,40300,56868,167472,2958693,149700,2643957,9982912,6914988,17.73,17.63,17.71,17.73,17.61,317172,5602650,298,1.44366295357273
2018-06-06 09:36:43,<NIL>,SH600637,东方明珠,43257.4004976852,17.71,17.71,17.71,17.71,17.71,0,0,0,17.71,0,0,17.69,17.67,17.66,17.65,17.64,17.71,17.72,17.73,17.75,17.76,6600,2400,6000,16700,11100,4968,12700,27000,10200,2000,0.752620102693958,1.44008159637451,0,0,0,0,0,42800,56868,167472,2958693,149700,2643957,10025712,6971856,17.73,17.63,17.71,17.73,17.61,317172,5602650,298,1.43802625871791
2018-06-06 09:36:47,<NIL>,SH600637,东方明珠,43257.4005439815,17.69,17.69,17.69,17.69,17.69,2200,38956,4,17.71,0,0,17.69,17.67,17.66,17.65,17.64,17.71,17.72,17.73,17.75,17.76,6300,2600,6000,16800,11100,3068,12700,27000,10200,2000,0.778634842089943,1.45007038116455,2,0,0,2200,38956,42800,54968,167472,2958693,151900,2682913,10068512,7026824,17.73,17.63,17.69,17.73,17.61,319372,5641606,302,1.43286810655852
2018-06-06 09:36:50,<NIL>,SH600637,东方明珠,43257.4005787037,17.69,17.69,17.69,17.69,17.69,200,3538,1,17.69,0,0,17.69,17.68,17.67,17.66,17.65,17.71,17.72,17.73,17.75,17.76,6100,100,2600,6100,16800,1368,12700,27000,10200,2000,0.595104002402944,1.45097839832306,2,0,0,200,3538,31700,53268,167472,2958693,152100,2686451,10100212,7080092,17.73,17.63,17.69,17.73,17.61,319572,5645144,303,1.42656507853288
2018-06-06 09:36:53,<NIL>,SH600637,东方明珠,43257.4006134259,17.69,17.69,17.69,17.69,17.69,300,5307,1,17.69,0,0,17.69,17.68,17.67,17.66,17.65,17.71,17.72,17.73,17.75,17.76,4300,100,2600,6100,16800,2168,12700,27000,10200,2000,0.55300732411038,1.45234060287476,2,0,0,300,5307,29900,54068,167472,2958693,152400,2691758,10130112,7134160,17.73,17.63,17.69,17.73,17.61,319872,5650451,304,1.4199446045505
2018-06-06 09:36:56,<NIL>,SH600637,东方明珠,43257.4006481481,17.69,17.69,17.69,17.69,17.69,0,0,0,17.69,0,0,17.69,17.68,17.67,17.66,17.65,17.71,17.72,17.73,17.75,17.76,4300,100,2600,6100,16800,2168,12700,26900,10200,2000,0.554032018974207,1.45234060287476,0,0,0,0,0,29900,53968,167472,2958693,152400,2691758,10160012,7188128,17.73,17.63,17.69,17.73,17.61,319872,5650451,304,1.41344338887677
2018-06-06 09:36:59,<NIL>,SH600637,东方明珠,43257.4006828704,17.67,17.67,17.67,17.67,17.67,5000,88437,5,17.69,0,0,17.67,17.66,17.65,17.64,17.63,17.71,17.72,17.73,17.75,17.76,2000,16100,16800,11100,49728,2168,12700,26900,10200,2000,1.77379187666765,1.47504246234894,2,0,0,5000,88437,95728,53968,167472,2958693,157400,2780195,10255740,7242096,17.73,17.63,17.67,17.73,17.61,324872,5738888,309,1.41612870086229
2018-06-06 09:37:00,<NIL>,SH600637,东方明珠,43257.4006944444,17.67,17.67,17.67,17.67,17.67,200,3534,1,17.67,0,0,17.67,17.66,17.65,17.64,17.63,17.71,17.72,17.73,17.75,17.76,2400,16400,16800,11100,49728,2168,12700,26900,10200,2000,1.7867625259413,1.47595059871674,2,0,0,200,3534,96428,53968,167472,2958693,157600,2783729,10352168,7296064,17.73,17.63,17.67,17.73,17.61,325072,5742422,310,1.41887022920852
2018-06-06 09:37:05,<NIL>,SH600637,东方明珠,43257.4007523148,17.71,17.71,17.71,17.71,17.71,2468,43697,5,17.67,0,0,17.71,17.67,17.66,17.65,17.64,17.72,17.73,17.75,17.76,17.77,2532,2100,16700,16800,11100,12700,26900,10200,2000,1000,0.932424242424242,1.30126166343689,1,2468,43697,0,0,49232,52800,169940,3002390,157600,2783729,10401400,7348864,17.73,17.63,17.71,17.73,17.61,327540,5786119,315,1.41537521989793
2018-06-06 09:37:08,<NIL>,SH600637,东方明珠,43257.400787037,17.71,17.71,17.71,17.71,17.71,2700,47841,3,17.71,0,0,17.71,17.67,17.66,17.65,17.64,17.72,17.73,17.75,17.76,17.77,2232,1500,16700,16800,11100,10300,26900,10200,2000,1000,0.958968253968254,1.31198835372925,2,0,0,2700,47841,48332,50400,169940,3002390,160300,2831570,10449732,7399264,17.73,17.63,17.71,17.73,17.61,330240,5833960,318,1.41226640919962
2018-06-06 09:37:11,<NIL>,SH600637,东方明珠,43257.4008217593,17.71,17.71,17.71,17.71,17.71,500,8855,2,17.71,0,0,17.71,17.67,17.66,17.65,17.64,17.72,17.73,17.75,17.76,17.77,1732,1800,16700,16800,10800,10300,26900,10200,2000,1000,0.949047619047619,1.31397473812103,2,0,0,500,8855,47832,50400,169940,3002390,160800,2840425,10497564,7449664,17.73,17.63,17.71,17.73,17.61,330740,5842815,320,1.40913254611215
2018-06-06 09:37:14,<NIL>,SH600637,东方明珠,43257.4008564815,17.71,17.71,17.71,17.71,17.71,1100,19481,1,17.71,0,0,17.71,17.67,17.66,17.65,17.64,17.72,17.73,17.75,17.76,17.77,632,1800,16700,16800,10800,10300,26900,10200,2000,1000,0.927222222222222,1.31834483146667,2,0,0,1100,19481,46732,50400,169940,3002390,161900,2859906,10544296,7500064,17.73,17.63,17.71,17.73,17.61,331840,5862296,321,1.40589413637004
2018-06-06 09:37:17,<NIL>,SH600637,东方明珠,43257.4008912037,17.71,17.71,17.71,17.71,17.71,832,14734,2,17.71,0,0,17.67,17.66,17.65,17.64,17.63,17.71,17.72,17.73,17.75,17.76,1800,16700,17100,10800,49728,2368,10300,26900,10200,2000,1.85690001545356,1.32165026664734,2,0,0,832,14734,96128,51768,169940,3002390,162732,2874640,10640424,7551832,17.73,17.63,17.71,17.73,17.61,332672,5877030,323,1.40898579311616
2018-06-06 09:37:20,<NIL>,SH600637,东方明珠,43257.4009259259,17.71,17.71,17.71,17.71,17.71,2700,47749,5,17.71,0,0,17.67,17.66,17.65,17.64,17.63,17.71,17.72,17.73,17.75,17.76,100,16700,17100,10800,49728,1368,10300,26900,10200,2000,1.85999054522534,1.3323769569397,1,2700,47749,0,0,94428,50768,172640,3050139,162732,2874640,10734852,7602600,17.73,17.63,17.71,17.73,17.61,335372,5924779,328,1.41199747454818
2018-06-06 09:37:22,<NIL>,SH600637,东方明珠,43257.4009490741,17.72,17.72,17.72,17.72,17.72,1868,33088,2,17.71,0,0,17.71,17.67,17.66,17.65,17.64,17.72,17.73,17.75,17.76,17.77,632,100,16700,17100,10800,9800,26900,10200,2000,1000,0.908456913827655,1.33979821205139,1,1868,33088,0,0,45332,49900,174508,3083227,162732,2874640,10780184,7652500,17.73,17.63,17.72,17.73,17.61,337240,5957867,330,1.40871401502777
2018-06-06 09:37:25,<NIL>,SH600637,东方明珠,43257.4009837963,17.71,17.71,17.71,17.71,17.71,300,5313,1,17.72,0,0,17.71,17.68,17.67,17.66,17.65,17.72,17.73,17.75,17.76,17.77,332,1000,1100,16700,17100,9800,26900,10200,2000,1000,0.726092184368737,1.34099006652832,2,0,0,300,5313,36232,49900,174508,3083227,163032,2879953,10816416,7702400,17.73,17.63,17.71,17.73,17.61,337540,5963180,331,1.40429164935604
2018-06-06 09:37:29,<NIL>,SH600637,东方明珠,43257.4010300926,17.67,17.67,17.67,17.67,17.67,1700,30062,4,17.71,0,0,17.67,17.66,17.65,17.64,17.63,17.72,17.73,17.75,17.76,17.77,732,16700,17100,10800,49828,9800,26900,10200,2000,1000,1.90701402805611,1.34774386882782,2,0,0,1700,30062,95160,49900,174508,3083227,164732,2910015,10911576,7752300,17.73,17.63,17.67,17.73,17.61,339240,5993242,335,1.40752757246237
2018-06-06 09:37:31,<NIL>,SH600637,东方明珠,43257.4010532407,17.67,17.67,17.67,17.67,17.67,1400,24788,3,17.67,0,0,17.67,17.66,17.65,17.64,17.63,17.72,17.73,17.75,17.76,17.77,332,17700,17100,10800,49828,8800,26900,10200,12000,1000,1.6258064516129,1.35330581665039,2,0,0,1400,24788,95760,58900,174508,3083227,166132,2934803,11007336,7811200,17.73,17.63,17.67,17.73,17.61,340640,6018030,338,1.40917349446948
2018-06-06 09:37:34,<NIL>,SH600637,东方明珠,43257.401087963,17.71,17.71,17.71,17.71,17.71,900,15939,1,17.67,0,0,17.71,17.68,17.67,17.66,17.65,17.72,17.73,17.75,17.76,17.77,1900,200,11332,17700,17100,8800,26900,10200,12000,1000,0.818879456706282,1.35688138008118,1,900,15939,0,0,48232,58900,175408,3099166,166132,2934803,11055568,7870100,17.73,17.63,17.71,17.73,17.61,341540,6033969,339,1.40475572102006
2018-06-06 09:37:37,<NIL>,SH600637,东方明珠,43257.4011226852,17.71,17.71,17.71,17.71,17.71,0,0,0,17.71,0,0,17.71,17.68,17.67,17.66,17.65,17.72,17.73,17.75,17.76,17.77,1900,200,11332,17700,17100,8800,26900,10200,12000,11000,0.700029027576197,1.35688138008118,0,0,0,0,0,48232,68900,175408,3099166,166132,2934803,11103800,7939000,17.73,17.63,17.71,17.73,17.61,341540,6033969,339,1.39863962715707
2018-06-06 09:37:40,<NIL>,SH600637,东方明珠,43257.4011574074,17.71,17.71,17.71,17.71,17.71,700,12397,2,17.71,0,0,17.71,17.68,17.67,17.66,17.65,17.72,17.73,17.75,17.76,17.77,1200,200,11332,17700,17100,8800,26900,10200,12000,11000,0.689869375907112,1.35966229438782,2,0,0,700,12397,47532,68900,175408,3099166,166832,2947200,11151332,8007900,17.73,17.63,17.71,17.73,17.61,342240,6046366,341,1.39254136540167
2018-06-06 09:37:43,<NIL>,SH600637,东方明珠,43257.4011921296,17.71,17.71,17.71,17.71,17.71,0,0,0,17.71,0,0,17.71,17.68,17.67,17.66,17.65,17.72,17.73,17.75,17.76,17.77,1200,200,13332,17700,17100,8800,26900,10200,12000,11000,0.718896952104499,1.35966229438782,0,0,0,0,0,49532,68900,175408,3099166,166832,2947200,11200864,8076800,17.73,17.63,17.71,17.73,17.61,342240,6046366,341,1.38679477020602
2018-06-06 09:37:47,<NIL>,SH600637,东方明珠,43257.4012384259,17.71,17.71,17.71,17.71,17.71,1200,21252,2,17.71,0,0,17.68,17.67,17.66,17.65,17.64,17.72,17.73,17.75,17.76,17.77,200,13332,17700,17100,12100,8800,26900,10200,12000,11000,0.877097242380261,1.36442971229553,2,0,0,1200,21252,60432,68900,175408,3099166,168032,2968452,11261296,8145700,17.73,17.63,17.71,17.73,17.61,343440,6067618,343,1.38248351891182
2018-06-06 09:37:50,<NIL>,SH600637,东方明珠,43257.4012731481,17.67,17.67,17.67,17.67,17.67,1900,33580,6,17.71,0,0,17.67,17.66,17.65,17.64,17.63,17.71,17.72,17.73,17.75,17.76,11732,17700,17100,12100,49828,1000,8700,26900,10200,12000,1.84455782312925,1.37197816371918,2,0,0,1900,33580,108460,58800,175408,3099166,169932,3002032,11369756,8204500,17.73,17.63,17.67,17.73,17.61,345340,6101198,349,1.3857951124383
2018-06-06 09:37:53,<NIL>,SH600637,东方明珠,43257.4013078704,17.67,17.67,17.67,17.67,17.67,0,0,0,17.67,0,0,17.68,17.67,17.66,17.65,17.64,17.71,17.72,17.73,17.75,17.76,1000,11732,17700,17100,12100,1000,8700,26900,10200,12000,1.01414965986395,1.37197816371918,0,0,0,0,0,59632,58800,175408,3099166,169932,3002032,11429388,8263300,17.73,17.63,17.67,17.73,17.61,345340,6101198,349,1.38315055728341
2018-06-06 09:37:56,<NIL>,SH600637,东方明珠,43257.4013425926,17.68,17.68,17.68,17.68,17.68,1500,26520,3,17.67,0,0,17.68,17.67,17.66,17.65,17.64,17.71,17.72,17.73,17.75,17.76,1800,11732,17700,17100,12100,1000,8700,26900,10200,12000,1.02775510204082,1.37793731689453,2,0,0,1500,26520,60432,58800,175408,3099166,171432,3028552,11489820,8322100,17.73,17.63,17.68,17.73,17.61,346840,6127718,352,1.38063950204876
2018-06-06 09:37:59,<NIL>,SH600637,东方明珠,43257.4013773148,17.68,17.68,17.68,17.68,17.68,0,0,0,17.68,0,0,17.68,17.67,17.66,17.65,17.64,17.71,17.72,17.73,17.75,17.76,11900,11732,17700,17100,12100,1000,8700,26900,10200,12000,1.19952380952381,1.37793731689453,0,0,0,0,0,70532,58800,175408,3099166,171432,3028552,11560352,8380900,17.73,17.63,17.68,17.73,17.61,346840,6127718,352,1.3793688028732
2018-06-06 09:38:00,<NIL>,SH600637,东方明珠,43257.4013888889,17.68,17.68,17.68,17.68,17.68,500,8840,2,17.68,0,0,17.68,17.67,17.66,17.65,17.64,17.71,17.72,17.73,17.75,17.76,11400,11732,17700,17100,12100,1000,8700,26900,10200,12000,1.19102040816327,1.37992382049561,2,0,0,500,8840,70032,58800,175408,3099166,171932,3037392,11630384,8439700,17.73,17.63,17.68,17.73,17.61,347340,6136558,354,1.37805656599168
2018-06-06 09:38:03,<NIL>,SH600637,东方明珠,43257.4014236111,17.68,17.68,17.68,17.68,17.68,0,0,0,17.68,0,0,17.68,17.67,17.66,17.65,17.64,17.71,17.72,17.73,17.75,17.76,11500,12732,17700,17100,12100,1000,8700,26900,10200,12000,1.20972789115646,1.22659885883331,0,0,0,0,0,71132,58800,175408,3099166,171932,3037392,11701516,8498500,17.73,17.63,17.68,17.73,17.61,347340,6136558,354,1.3768919221039
2018-06-06 09:38:06,<NIL>,SH600637,东方明珠,43257.4014583333,17.68,17.68,17.68,17.68,17.68,0,0,0,17.68,0,0,17.68,17.67,17.66,17.65,17.64,17.71,17.72,17.73,17.75,17.76,11500,12732,17700,17100,12100,2600,9000,26900,10200,12000,1.17186161449753,1.22659885883331,0,0,0,0,0,71132,60700,175408,3099166,171932,3037392,11772648,8559200,17.73,17.63,17.68,17.73,17.61,347340,6136558,354,1.37543789139172
2018-06-06 09:38:10,<NIL>,SH600637,东方明珠,43257.4015046296,17.68,17.68,17.68,17.68,17.68,200,3536,1,17.68,0,0,17.68,17.67,17.66,17.65,17.64,17.71,17.72,17.73,17.75,17.76,12300,12732,18700,17100,12100,2600,9000,26900,10200,12000,1.20151565074135,1.2273051738739,2,0,0,200,3536,72932,60700,175408,3099166,172132,3040928,11845580,8619900,17.73,17.63,17.68,17.73,17.61,347540,6140094,355,1.37421315792527
2018-06-06 09:38:12,<NIL>,SH600637,东方明珠,43257.4015277778,17.71,17.71,17.71,17.71,17.71,1000,17710,1,17.68,0,0,17.68,17.67,17.66,17.65,17.64,17.71,17.72,17.73,17.75,17.76,12300,12732,18700,17600,12100,1600,9000,26900,10200,12000,1.23001675041876,1.23083662986755,1,1000,17710,0,0,73432,59700,176408,3116876,172132,3040928,11919012,8679600,17.73,17.63,17.71,17.73,17.61,348540,6157804,356,1.37322134660583
2018-06-06 09:38:15,<NIL>,SH600637,东方明珠,43257.4015625,17.68,17.68,17.68,17.68,17.68,300,5304,1,17.71,0,0,17.68,17.67,17.66,17.65,17.64,17.71,17.72,17.73,17.75,17.76,12000,12932,18700,20600,12100,1600,9000,26900,10200,12000,1.27859296482412,1.23189604282379,2,0,0,300,5304,76332,59700,176408,3116876,172432,3046232,11995344,8739300,17.73,17.63,17.68,17.73,17.61,348840,6163108,357,1.37257492018812
2018-06-06 09:38:19,<NIL>,SH600637,东方明珠,43257.4016087963,17.68,17.68,17.68,17.68,17.68,400,7072,2,17.68,0,0,17.68,17.67,17.66,17.65,17.64,17.71,17.72,17.73,17.75,17.76,11600,12932,18700,20600,12100,1700,9000,26900,10200,12000,1.26976588628763,1.23330855369568,2,0,0,400,7072,75932,59800,176408,3116876,172832,3053304,12071276,8799100,17.73,17.63,17.68,17.73,17.61,349240,6170180,359,1.37187621461286
2018-06-06 09:38:21,<NIL>,SH600637,东方明珠,43257.4016319444,17.71,17.71,17.71,17.71,17.71,100,1771,1,17.68,0,0,17.68,17.67,17.66,17.65,17.64,17.71,17.72,17.73,17.75,17.76,11600,12932,18700,20600,12600,1600,9000,26900,10200,12000,1.28026800670017,1.23366177082062,1,100,1771,0,0,76432,59700,176508,3118647,172832,3053304,12147708,8858800,17.73,17.63,17.71,17.73,17.61,349340,6171951,360,1.37125886124532
2018-06-06 09:38:25,<NIL>,SH600637,东方明珠,43257.4016782407,17.68,17.68,17.68,17.68,17.68,100,1768,1,17.71,0,0,17.68,17.67,17.66,17.65,17.64,17.71,17.72,17.73,17.75,17.76,13800,12932,18700,20600,12600,1600,9000,26900,10200,12000,1.3171189279732,1.23401486873627,2,0,0,100,1768,78632,59700,176508,3118647,172932,3055072,12226340,8918500,17.73,17.63,17.68,17.73,17.61,349440,6173719,361,1.37089645119695
2018-06-06 09:38:29,<NIL>,SH600637,东方明珠,43257.401724537,17.68,17.68,17.68,17.68,17.68,200,3536,1,17.68,0,0,17.68,17.67,17.66,17.65,17.64,17.71,17.72,17.73,17.75,17.76,13600,12932,18700,20600,12600,5400,9000,26900,10200,12000,1.23514960629921,1.23472118377686,2,0,0,200,3536,78432,63500,176508,3118647,173132,3058608,12304772,8982000,17.73,17.63,17.68,17.73,17.61,349640,6177255,362,1.36993676241372
2018-06-06 09:38:32,<NIL>,SH600637,东方明珠,43257.4017592593,17.68,17.68,17.68,17.68,17.68,0,0,0,17.68,0,0,17.68,17.67,17.66,17.65,17.64,17.7,17.71,17.72,17.73,17.75,13600,12932,18700,20600,12600,100,6000,9300,26900,10200,1.49394285714286,1.23472118377686,0,0,0,0,0,78432,52500,176508,3118647,173132,3058608,12383204,9034500,17.73,17.63,17.68,17.73,17.61,349640,6177255,362,1.37065736897449
2018-06-06 09:38:34,<NIL>,SH600637,东方明珠,43257.4017824074,17.68,17.68,17.68,17.68,17.68,5100,90197,6,17.68,0,0,17.68,17.67,17.66,17.65,17.64,17.71,17.72,17.73,17.75,17.76,9500,12932,18700,20600,12600,5000,9300,26900,10200,12000,1.17242902208202,1.25273132324219,2,0,0,5100,90197,74332,63400,176508,3118647,178232,3148805,12457536,9097900,17.73,17.63,17.68,17.73,17.61,354740,6267452,368,1.36927598676618
2018-06-06 09:38:38,<NIL>,SH600637,东方明珠,43257.4018287037,17.71,17.71,17.71,17.71,17.71,5200,92092,5,17.68,0,0,17.71,17.68,17.67,17.66,17.65,17.72,17.73,17.75,17.76,17.77,37800,9500,12932,18700,20600,9400,26900,10200,12000,11000,1.43211510791367,1.27109467983246,1,5200,92092,0,0,99532,69500,181708,3210739,178232,3148805,12557068,9167400,17.73,17.63,17.71,17.73,17.61,359940,6359544,373,1.36975238344569
2018-06-06 09:38:41,<NIL>,SH600637,东方明珠,43257.4018634259,17.71,17.71,17.71,17.71,17.71,700,12397,2,17.71,0,0,17.71,17.69,17.68,17.67,17.66,17.72,17.73,17.75,17.76,17.77,37100,700,9500,12932,18700,9400,26900,10200,12000,11000,1.13571223021583,1.27356660366058,2,0,0,700,12397,78932,69500,181708,3210739,178932,3161202,12636000,9236900,17.73,17.63,17.71,17.73,17.61,360640,6371941,375,1.36799142569477
2018-06-06 09:38:46,<NIL>,SH600637,东方明珠,43257.4019212963,17.71,17.71,17.71,17.71,17.71,30000,531300,1,17.71,0,0,17.71,17.69,17.68,17.67,17.66,17.72,17.73,17.75,17.76,17.77,7100,700,9500,12932,18700,9400,26900,10200,12000,11000,0.704057553956835,1.37950885295868,2,0,0,30000,531300,48932,69500,181708,3210739,208932,3692502,12684932,9306400,17.73,17.63,17.71,17.73,17.61,390640,6903241,376,1.36303318146652
2018-06-06 09:38:49,<NIL>,SH600637,东方明珠,43257.4019560185,17.71,17.71,17.71,17.71,17.71,500,8855,2,17.71,0,0,17.71,17.69,17.68,17.67,17.66,17.72,17.73,17.75,17.76,17.77,6600,700,9500,12932,18700,9400,26900,10200,12000,11000,0.696863309352518,1.38127458095551,2,0,0,500,8855,48432,69500,181708,3210739,209432,3701357,12733364,9375900,17.73,17.63,17.71,17.73,17.61,391140,6912096,378,1.35809511620218
2018-06-06 09:38:55,<NIL>,SH600637,东方明珠,43257.402025463,17.72,17.72,17.72,17.72,17.72,100,1772,1,17.71,0,0,17.71,17.69,17.68,17.67,17.66,17.72,17.73,17.75,17.76,17.77,6600,700,11000,12932,18700,9300,26900,10200,12000,11000,0.719481268011527,1.38162767887115,1,100,1772,0,0,49932,69400,181808,3212511,209432,3701357,12783296,9445300,17.73,17.63,17.72,17.73,17.61,391240,6913868,379,1.35340285644712
2018-06-06 09:38:59,<NIL>,SH600637,东方明珠,43257.4020717593,17.71,17.71,17.71,17.71,17.71,800,14169,3,17.72,0,0,17.71,17.69,17.68,17.67,17.66,17.72,17.73,17.75,17.76,17.77,5900,700,11000,12932,18700,9600,26900,10200,12000,11000,0.706341463414634,1.38445281982422,2,0,0,800,14169,49232,69700,181808,3212511,210232,3715526,12832528,9515000,17.73,17.63,17.71,17.73,17.61,392040,6928037,382,1.34866295323174
2018-06-06 09:39:00,<NIL>,SH600637,东方明珠,43257.4020833333,17.71,17.71,17.71,17.71,17.71,4100,72611,1,17.71,0,0,17.71,17.69,17.68,17.67,17.66,17.72,17.73,17.75,17.76,17.77,1800,700,11000,12932,18700,9600,26900,10200,12000,11000,0.647517934002869,1.39893162250519,2,0,0,4100,72611,45132,69700,181808,3212511,214332,3788137,12877660,9584700,17.73,17.63,17.71,17.73,17.61,396140,7000648,383,1.34356422214571
2018-06-06 09:39:03,<NIL>,SH600637,东方明珠,43257.4021180556,17.71,17.71,17.71,17.71,17.71,300,5313,1,17.71,0,0,17.71,17.69,17.68,17.67,17.66,17.72,17.73,17.75,17.76,17.77,3500,700,11000,12932,18700,9600,26900,10200,12000,11000,0.671908177905308,1.25999188423157,2,0,0,300,5313,46832,69700,181808,3212511,214632,3793450,12924492,9654400,17.73,17.63,17.71,17.73,17.61,396440,7005961,384,1.33871519721578
2018-06-06 09:39:08,<NIL>,SH600637,东方明珠,43257.4021759259,17.72,17.72,17.72,17.72,17.72,6400,113394,2,17.71,0,0,17.71,17.69,17.68,17.67,17.66,17.72,17.73,17.75,17.76,17.77,2100,700,11000,12932,18700,4600,26900,10200,12000,11000,0.702194744976816,1.2803328037262,1,6400,113394,0,0,45432,64700,188208,3325905,214632,3793450,12969924,9719100,17.73,17.63,17.72,17.73,17.61,402840,7119355,386,1.33447788375467
2018-06-06 09:39:10,<NIL>,SH600637,东方明珠,43257.4021990741,17.72,17.72,17.72,17.72,17.72,2600,46070,4,17.72,0,0,17.71,17.69,17.68,17.67,17.66,17.72,17.73,17.75,17.76,17.77,1900,700,11000,12932,18700,2200,26900,10300,12000,11000,0.724871794871795,1.28859627246857,1,2600,46070,0,0,45232,62400,190808,3371975,214632,3793450,13015156,9781500,17.73,17.63,17.72,17.73,17.61,405440,7165425,390,1.33058896897204
2018-06-06 09:39:13,<NIL>,SH600637,东方明珠,43257.4022337963,17.71,17.71,17.71,17.71,17.71,500,8855,1,17.72,0,0,17.71,17.69,17.68,17.67,17.66,17.72,17.73,17.75,17.76,17.77,1400,700,11000,12932,18700,2200,26900,10300,12000,11000,0.716858974358974,1.29018545150757,2,0,0,500,8855,44732,62400,190808,3371975,215132,3802305,13059888,9843900,17.73,17.63,17.71,17.73,17.61,405940,7174280,391,1.3266985645933
2018-06-06 09:39:17,<NIL>,SH600637,东方明珠,43257.4022800926,17.72,17.72,17.72,17.72,17.72,2200,38984,7,17.71,0,0,17.72,17.71,17.69,17.68,17.67,17.73,17.75,17.76,17.77,17.78,4000,1400,700,11000,12932,26900,10300,12000,11000,16000,0.394120734908137,1.29717755317688,1,2200,38984,0,0,30032,76200,193008,3410959,215132,3802305,13089920,9920100,17.73,17.63,17.72,17.73,17.61,408140,7213264,398,1.3195350853318
2018-06-06 09:39:20,<NIL>,SH600637,东方明珠,43257.4023148148,17.72,17.72,17.72,17.72,17.72,1900,33668,3,17.72,0,0,17.72,17.71,17.7,17.69,17.68,17.73,17.75,17.76,17.77,17.78,2100,1400,900,700,11000,26900,10300,12000,11000,16000,0.211286089238845,1.30321633815765,2,0,0,1900,33668,16100,76200,193008,3410959,217032,3835973,13106020,9996300,17.73,17.63,17.72,17.73,17.61,410040,7246932,401,1.31108710222782
2018-06-06 09:39:22,<NIL>,SH600637,东方明珠,43257.402337963,17.72,17.72,17.72,17.72,17.72,600,10632,2,17.72,0,0,17.72,17.71,17.7,17.69,17.68,17.73,17.75,17.76,17.77,17.78,1500,1400,900,700,11000,26900,10300,12000,11000,16000,0.203412073490814,1.3051233291626,2,0,0,600,10632,15500,76200,193008,3410959,217632,3846605,13121520,10072500,17.73,17.63,17.72,17.73,17.61,410640,7257564,403,1.30270737155622
2018-06-06 09:39:25,<NIL>,SH600637,东方明珠,43257.4023726852,17.72,17.72,17.72,17.72,17.72,500,8860,2,17.72,0,0,17.72,17.71,17.7,17.69,17.68,17.73,17.75,17.76,17.77,17.78,1000,1400,900,700,11000,26900,10300,12000,11000,16000,0.196850393700787,1.30671238899231,2,0,0,500,8860,15000,76200,193008,3410959,218132,3855465,13136520,10148700,17.73,17.63,17.72,17.73,17.61,411140,7266424,405,1.29440420940613
2018-06-06 09:39:29,<NIL>,SH600637,东方明珠,43257.4024189815,17.72,17.72,17.72,17.72,17.72,600,10632,1,17.72,0,0,17.72,17.71,17.7,17.69,17.68,17.73,17.75,17.76,17.77,17.78,400,1400,900,700,11000,26900,10300,12000,11000,16000,0.188976377952756,1.30861937999725,2,0,0,600,10632,14400,76200,193008,3410959,218732,3866097,13150920,10224900,17.73,17.63,17.72,17.73,17.61,411740,7277056,406,1.28616612387407
2018-06-06 09:39:30,<NIL>,SH600637,东方明珠,43257.4024305556,17.72,17.72,17.72,17.72,17.72,200,3544,1,17.72,0,0,17.72,17.71,17.7,17.69,17.68,17.73,17.75,17.76,17.77,17.78,200,1400,900,700,11000,26900,10300,12000,11000,16000,0.186351706036745,1.30925500392914,2,0,0,200,3544,14200,76200,193008,3410959,218932,3869641,13165120,10301100,17.73,17.63,17.72,17.73,17.61,411940,7280600,407,1.27803050159692
2018-06-06 09:39:33,<NIL>,SH600637,东方明珠,43257.4024652778,17.72,17.72,17.72,17.72,17.72,300,5316,2,17.72,0,0,17.71,17.7,17.69,17.68,17.67,17.72,17.73,17.75,17.76,17.77,1400,900,700,11000,12932,2500,26900,10300,12000,11000,0.429537480063796,1.31020855903625,2,0,0,300,5316,26932,62700,193008,3410959,219232,3874957,13192052,10363800,17.73,17.63,17.72,17.73,17.61,412240,7285916,409,1.27289719986877
2018-06-06 09:39:36,<NIL>,SH600637,东方明珠,43257.4025,17.72,17.72,17.72,17.72,17.72,0,0,0,17.72,0,0,17.71,17.7,17.69,17.68,17.67,17.72,17.73,17.75,17.76,17.77,5900,900,1000,11000,12932,3000,26900,10300,12000,11000,0.502088607594937,1.31020855903625,0,0,0,0,0,31732,63200,193008,3410959,219232,3874957,13223784,10427000,17.73,17.63,17.72,17.73,17.61,412240,7285916,409,1.26822518461686
2018-06-06 09:39:40,<NIL>,SH600637,东方明珠,43257.4025462963,17.71,17.71,17.71,17.71,17.71,1000,17710,3,17.72,0,0,17.71,17.7,17.69,17.68,17.67,17.72,17.73,17.75,17.76,17.77,4900,900,1000,11000,12932,3000,26900,10300,12000,11000,0.48626582278481,1.31338679790497,2,0,0,1000,17710,30732,63200,193008,3410959,220232,3892667,13254516,10490200,17.73,17.63,17.71,17.73,17.61,413240,7303626,412,1.26351413700406
2018-06-06 09:39:42,<NIL>,SH600637,东方明珠,43257.4025694444,17.72,17.72,17.72,17.72,17.72,1000,17720,1,17.71,0,0,17.71,17.7,17.69,17.68,17.67,17.72,17.73,17.75,17.76,17.77,4900,900,1000,11000,12932,2000,26900,10300,12000,11000,0.494083601286174,1.31656503677368,1,1000,17720,0,0,30732,62200,194008,3428679,220232,3892667,13285248,10552400,17.73,17.63,17.72,17.73,17.61,414240,7321346,413,1.25897881050756
2018-06-06 09:39:50,<NIL>,SH600637,东方明珠,43257.402662037,17.71,17.71,17.71,17.71,17.71,800,14174,2,17.72,0,0,17.71,17.7,17.69,17.68,17.67,17.72,17.73,17.75,17.76,17.77,7500,900,1000,11000,12932,1400,26900,10300,12000,11000,0.541103896103896,1.31910765171051,2,0,0,800,14174,33332,61600,194008,3428679,221032,3906841,13318580,10614000,17.73,17.63,17.71,17.73,17.61,415040,7335520,415,1.2548125117769
2018-06-06 09:39:53,<NIL>,SH600637,东方明珠,43257.4026967593,17.71,17.71,17.71,17.71,17.71,0,0,0,17.71,0,0,17.71,17.7,17.69,17.68,17.67,17.72,17.73,17.75,17.76,17.77,7500,1000,1000,11000,12932,7400,26900,10300,12000,11000,0.494556213017751,1.31910765171051,0,0,0,0,0,33432,67600,194008,3428679,221032,3906841,13352012,10681600,17.73,17.63,17.71,17.73,17.61,415040,7335520,415,1.2500011234272
2018-06-06 09:39:56,<NIL>,SH600637,东方明珠,43257.4027314815,17.71,17.71,17.71,17.71,17.71,0,0,0,17.71,0,0,17.71,17.7,17.69,17.68,17.67,17.72,17.73,17.75,17.76,17.77,7500,1500,1000,11000,12932,7400,26900,10300,12000,11000,0.501952662721894,1.31910765171051,0,0,0,0,0,33932,67600,194008,3428679,221032,3906841,13385944,10749200,17.73,17.63,17.71,17.73,17.61,415040,7335520,415,1.24529676627098
2018-06-06 09:39:57,<NIL>,SH600637,东方明珠,43257.4027430556,17.72,17.72,17.72,17.72,17.72,800,14176,1,17.71,0,0,17.71,17.7,17.69,17.68,17.67,17.72,17.73,17.75,17.76,17.77,7500,1400,1000,11000,12932,6600,26900,10300,12000,11000,0.506467065868263,1.32165026664734,1,800,14176,0,0,33832,66800,194808,3442855,221032,3906841,13419776,10816000,17.73,17.63,17.72,17.73,17.61,415840,7349696,416,1.24073372781065
2018-06-06 09:40:00,<NIL>,SH600637,东方明珠,43257.4027777778,17.71,17.71,17.71,17.71,17.71,200,3542,1,17.72,0,0,17.71,17.7,17.69,17.68,17.67,17.72,17.73,17.75,17.76,17.77,7300,1400,1000,11000,12932,6600,26900,10300,12000,11000,0.503473053892216,1.32228589057922,2,0,0,200,3542,33632,66800,194808,3442855,221232,3910383,13453408,10882800,17.73,17.63,17.71,17.73,17.61,416040,7353238,417,1.23620832873893
2018-06-06 09:40:03,<NIL>,SH600637,东方明珠,43257.4028125,17.71,17.71,17.71,17.71,17.71,300,5313,1,17.71,0,0,17.71,17.7,17.69,17.68,17.67,17.72,17.73,17.75,17.76,17.77,7000,900,1000,11000,12932,6600,26900,10300,12000,11000,0.491497005988024,1.20294487476349,2,0,0,300,5313,32832,66800,194808,3442855,221532,3915696,13486240,10949600,17.73,17.63,17.71,17.73,17.61,416340,7358551,418,1.23166508365602
2018-06-06 09:40:08,<NIL>,SH600637,东方明珠,43257.4028703704,17.71,17.71,17.71,17.71,17.71,3900,69107,4,17.71,0,0,17.71,17.7,17.69,17.68,17.67,17.72,17.73,17.75,17.76,17.77,6900,900,1000,11000,12932,4800,26900,10300,12000,11000,0.503569230769231,1.21421325206757,2,0,0,3900,69107,32732,65000,194808,3442855,225432,3984803,13518972,11014600,17.73,17.63,17.71,17.73,17.61,420240,7427658,422,1.22736840193924
2018-06-06 09:40:10,<NIL>,SH600637,东方明珠,43257.4028935185,17.71,17.71,17.71,17.71,17.71,200,3542,1,17.71,0,0,17.71,17.7,17.69,17.68,17.67,17.72,17.73,17.75,17.76,17.77,6700,900,1000,11000,12932,10300,26900,10300,12000,11000,0.461446808510638,1.21479117870331,2,0,0,200,3542,32532,70500,194808,3442855,225632,3988345,13551504,11085100,17.73,17.63,17.71,17.73,17.61,420440,7431200,423,1.22249722600608
2018-06-06 09:40:17,<NIL>,SH600637,东方明珠,43257.402974537,17.71,17.71,17.71,17.71,17.71,6700,118657,3,17.71,0,0,17.7,17.69,17.68,17.67,17.66,17.71,17.72,17.73,17.75,17.76,900,1000,11200,12932,18600,3800,10300,26900,10300,12000,0.705086887835703,1.23414969444275,2,0,0,6700,118657,44632,63300,194808,3442855,232332,4107002,13596136,11148400,17.73,17.63,17.71,17.73,17.61,427140,7549857,426,1.2195593986581
2018-06-06 09:40:20,<NIL>,SH600637,东方明珠,43257.4030092593,17.7,17.7,17.7,17.7,17.7,200,3540,1,17.71,0,0,17.7,17.69,17.68,17.67,17.66,17.71,17.72,17.73,17.75,17.76,700,1000,12200,12932,18600,3800,10300,26900,10300,12000,0.717725118483412,1.23472762107849,2,0,0,200,3540,45432,63300,194808,3442855,232532,4110542,13641568,11211700,17.73,17.63,17.7,17.73,17.61,427340,7553397,427,1.21672609862911
2018-06-06 09:40:26,<NIL>,SH600637,东方明珠,43257.4030787037,17.69,17.69,17.69,17.69,17.69,2900,51344,4,17.7,0,0,17.69,17.68,17.67,17.66,17.65,17.7,17.71,17.72,17.73,17.75,600,12200,12932,18600,11700,200,3200,10300,26900,10300,1.10082514734774,1.24310660362244,2,0,0,2900,51344,56032,50900,194808,3442855,235432,4161886,13697600,11262600,17.73,17.63,17.69,17.73,17.61,430240,7604741,431,1.21620229787083
2018-06-06 09:40:29,<NIL>,SH600637,东方明珠,43257.4031134259,17.69,17.69,17.69,17.69,17.69,200,3538,1,17.69,0,0,17.69,17.68,17.67,17.66,17.65,17.7,17.71,17.72,17.73,17.75,400,12200,12932,18600,11700,1100,3200,10300,26900,10300,1.07783783783784,1.24368453025818,2,0,0,200,3538,55832,51800,194808,3442855,235632,4165424,13753432,11314400,17.73,17.63,17.69,17.73,17.61,430440,7608279,432,1.21556883263805
2018-06-06 09:40:32,<NIL>,SH600637,东方明珠,43257.4031481482,17.69,17.69,17.69,17.69,17.69,0,0,0,17.69,0,0,17.69,17.68,17.67,17.66,17.65,17.7,17.71,17.72,17.73,17.75,400,12700,12932,19200,11700,1100,3200,10300,26900,10300,1.09907335907336,1.24368453025818,0,0,0,0,0,56932,51800,194808,3442855,235632,4165424,13810364,11366200,17.73,17.63,17.69,17.73,17.61,430440,7608279,432,1.21503791944537
2018-06-06 09:40:35,<NIL>,SH600637,东方明珠,43257.4031828704,17.69,17.69,17.69,17.69,17.69,0,0,0,17.69,0,0,17.69,17.68,17.67,17.66,17.65,17.7,17.71,17.72,17.73,17.75,400,12700,12932,19200,11700,1100,3200,10800,26900,10300,1.08856596558317,1.24368453025818,0,0,0,0,0,56932,52300,194808,3442855,235632,4165424,13867296,11418500,17.73,17.63,17.69,17.73,17.61,430440,7608279,432,1.21445864167798
2018-06-06 09:40:38,<NIL>,SH600637,东方明珠,43257.4032175926,17.69,17.69,17.69,17.69,17.69,0,0,0,17.69,0,0,17.69,17.68,17.67,17.66,17.65,17.7,17.71,17.72,17.73,17.75,11600,12700,12932,19200,11700,900,3200,10800,26900,10300,1.30771593090211,1.24368453025818,0,0,0,0,0,68132,52100,194808,3442855,235632,4165424,13935428,11470600,17.73,17.63,17.69,17.73,17.61,430440,7608279,432,1.21488222063362
2018-06-06 09:40:40,<NIL>,SH600637,东方明珠,43257.4032407407,17.69,17.69,17.69,17.69,17.69,400,7076,3,17.69,0,0,17.69,17.68,17.67,17.66,17.65,17.7,17.71,17.72,17.73,17.75,11700,12700,12732,19200,11700,900,3200,10800,26900,10300,1.30579654510557,1.24484026432037,2,0,0,400,7076,68032,52100,194808,3442855,236032,4172500,14003460,11522700,17.73,17.63,17.69,17.73,17.61,430840,7615355,435,1.21529329063501
2018-06-06 09:40:47,<NIL>,SH600637,东方明珠,43257.4033217593,17.69,17.69,17.69,17.69,17.69,700,12383,2,17.69,0,0,17.69,17.68,17.67,17.66,17.65,17.7,17.71,17.72,17.73,17.75,11000,12700,12732,19200,11700,900,3900,10800,26900,10300,1.27522727272727,1.24686276912689,2,0,0,700,12383,67332,52800,194808,3442855,236732,4184883,14070792,11575500,17.73,17.63,17.69,17.73,17.61,431540,7627738,437,1.21556667098613
2018-06-06 09:40:50,<NIL>,SH600637,东方明珠,43257.4033564815,17.69,17.69,17.69,17.69,17.69,300,5308,2,17.69,0,0,17.69,17.68,17.67,17.66,17.65,17.7,17.71,17.72,17.73,17.75,10800,12700,12732,19200,11700,800,3900,10800,26900,10300,1.27385199240987,1.24772953987122,2,0,0,300,5308,67132,52700,194808,3442855,237032,4190191,14137924,11628200,17.73,17.63,17.69,17.73,17.61,431840,7633046,439,1.21583082506321
2018-06-06 09:40:56,<NIL>,SH600637,东方明珠,43257.4034259259,17.69,17.69,17.69,17.69,17.69,400,7076,2,17.69,0,0,17.69,17.68,17.67,17.66,17.65,17.7,17.71,17.72,17.73,17.75,10400,12700,12732,19200,11700,800,3900,10800,26900,10300,1.26626185958254,1.24888527393341,2,0,0,400,7076,66732,52700,194808,3442855,237432,4197267,14204656,11680900,17.73,17.63,17.69,17.73,17.61,432240,7640122,441,1.21605835166811
2018-06-06 09:40:59,<NIL>,SH600637,东方明珠,43257.4034606482,17.7,17.7,17.7,17.7,17.7,10200,180440,3,17.69,0,0,17.69,17.68,17.67,17.66,17.65,17.71,17.72,17.73,17.75,17.76,400,12900,12732,19200,11700,5900,10800,26900,10300,12000,0.86391502276176,1.27835643291473,1,10200,180440,0,0,56932,65900,205008,3623295,237432,4197267,14261588,11746800,17.73,17.63,17.7,17.73,17.61,442440,7820562,444,1.21408281404297
2018-06-06 09:41:01,<NIL>,SH600637,东方明珠,43257.4034837963,17.7,17.7,17.7,17.7,17.7,500,8850,2,17.7,0,0,17.69,17.68,17.67,17.66,17.65,17.71,17.72,17.73,17.75,17.76,500,12900,12732,19200,11700,5900,10800,26900,10300,12000,0.865432473444613,1.17315101623535,1,500,8850,0,0,57032,65900,205508,3632145,237432,4197267,14318620,11812700,17.73,17.63,17.7,17.73,17.61,442940,7829412,446,1.21213778391054
2018-06-06 09:41:06,<NIL>,SH600637,东方明珠,43257.4035416667,17.69,17.69,17.69,17.69,17.69,200,3538,1,17.7,0,0,17.69,17.68,17.67,17.66,17.65,17.71,17.72,17.73,17.75,17.76,300,12900,12732,19200,11700,5900,10800,26900,10300,12000,0.862397572078907,1.17368078231812,2,0,0,200,3538,56832,65900,205508,3632145,237632,4200805,14375452,11878600,17.73,17.63,17.69,17.73,17.61,443140,7832950,447,1.21019749802165
2018-06-06 09:41:08,<NIL>,SH600637,东方明珠,43257.4035648148,17.69,17.69,17.69,17.69,17.69,300,5307,2,17.69,0,0,17.68,17.67,17.66,17.65,17.64,17.69,17.71,17.72,17.73,17.75,12900,12732,19200,11700,13400,300,5900,10800,26900,10300,1.29025830258303,1.17447531223297,2,0,0,300,5307,69932,54200,205508,3632145,237932,4206112,14445384,11932800,17.73,17.63,17.69,17.73,17.61,443440,7838257,449,1.21056114239743
2018-06-06 09:41:10,<NIL>,SH600637,东方明珠,43257.403587963,17.68,17.68,17.68,17.68,17.68,200,3536,1,17.69,0,0,17.68,17.67,17.66,17.65,17.64,17.69,17.71,17.72,17.73,17.75,12700,12732,19200,11700,13400,1800,5900,10800,26900,10300,1.251921005386,1.17500507831573,2,0,0,200,3536,69732,55700,205508,3632145,238132,4209648,14515116,11988500,17.73,17.63,17.68,17.73,17.61,443640,7841793,450,1.21075330525087
2018-06-06 09:41:13,<NIL>,SH600637,东方明珠,43257.4036226852,17.69,17.69,17.69,17.69,17.69,600,10614,2,17.68,0,0,17.68,17.67,17.66,17.65,17.64,17.69,17.71,17.72,17.73,17.75,12700,12732,19200,11700,13400,1200,5900,10800,26900,10300,1.26555353901996,1.17659413814545,1,600,10614,0,0,69732,55100,206108,3642759,238132,4209648,14584848,12043600,17.73,17.63,17.69,17.73,17.61,444240,7852407,452,1.21100401873194
2018-06-06 09:41:16,<NIL>,SH600637,东方明珠,43257.4036574074,17.69,17.69,17.69,17.69,17.69,10100,178569,7,17.69,0,0,17.68,17.67,17.66,17.65,17.64,17.69,17.71,17.72,17.73,17.75,2700,12732,19200,11700,13400,1100,5900,10800,26900,10300,1.08603636363636,1.20334458351135,1,10100,178569,0,0,59732,55000,216208,3821328,238132,4209648,14644580,12098600,17.73,17.63,17.69,17.73,17.61,454340,8030976,459,1.21043591820541
2018-06-06 09:41:19,<NIL>,SH600637,东方明珠,43257.4036921296,17.69,17.69,17.69,17.69,17.69,1700,30073,3,17.69,0,0,17.69,17.68,17.67,17.66,17.65,17.71,17.72,17.73,17.75,17.76,400,2700,12732,19200,11700,5900,10800,26900,10300,12000,0.709135053110774,1.20784711837769,1,1700,30073,0,0,46732,65900,217908,3851401,238132,4209648,14691312,12164500,17.73,17.63,17.69,17.73,17.61,456040,8061049,462,1.20772016934523
2018-06-06 09:41:24,<NIL>,SH600637,东方明珠,43257.40375,17.68,17.68,17.68,17.68,17.68,2200,38900,4,17.69,0,0,17.68,17.67,17.66,17.65,17.64,17.7,17.71,17.72,17.73,17.75,900,12732,19200,11700,13400,1000,5900,5300,26900,10300,1.17271255060729,1.21367394924164,2,0,0,2200,38900,57932,49400,217908,3851401,240332,4248548,14749244,12213900,17.73,17.63,17.68,17.73,17.61,458240,8099949,466,1.20757857850482
2018-06-06 09:41:27,<NIL>,SH600637,东方明珠,43257.4037847222,17.68,17.68,17.68,17.68,17.68,0,0,0,17.68,0,0,17.68,17.67,17.66,17.65,17.64,17.69,17.7,17.71,17.72,17.73,900,12732,19200,11700,13400,200,1000,5900,5300,26900,1.47409669211196,1.21367394924164,0,0,0,0,0,57932,39300,217908,3851401,240332,4248548,14807176,12253200,17.73,17.63,17.68,17.73,17.61,458240,8099949,466,1.20843338882904
2018-06-06 09:41:30,<NIL>,SH600637,东方明珠,43257.4038194444,17.68,17.68,17.68,17.68,17.68,200,3536,1,17.68,0,0,17.68,17.67,17.66,17.65,17.64,17.69,17.7,17.71,17.72,17.73,700,12732,19200,11700,13400,200,1000,5900,5300,26900,1.46900763358779,1.2142037153244,2,0,0,200,3536,57732,39300,217908,3851401,240532,4252084,14864908,12292500,17.73,17.63,17.68,17.73,17.61,458440,8103485,467,1.20926646329062
2018-06-06 09:41:35,<NIL>,SH600637,东方明珠,43257.4038773148,17.69,17.69,17.69,17.69,17.69,100,1769,1,17.68,0,0,17.68,17.67,17.66,17.65,17.64,17.69,17.7,17.71,17.72,17.73,700,12732,19200,11700,13400,100,1000,5900,5300,26900,1.47275510204082,1.21446847915649,1,100,1769,0,0,57732,39200,218008,3853170,240532,4252084,14922640,12331700,17.73,17.63,17.69,17.73,17.61,458540,8105254,468,1.2101040408054
2018-06-06 09:41:38,<NIL>,SH600637,东方明珠,43257.403912037,17.69,17.69,17.69,17.69,17.69,0,0,0,17.69,0,0,17.68,17.67,17.66,17.65,17.64,17.69,17.7,17.71,17.72,17.73,700,12732,19200,11700,13400,100,1000,3900,5300,26900,1.55193548387097,1.21446847915649,0,0,0,0,0,57732,37200,218008,3853170,240532,4252084,14980372,12368900,17.73,17.63,17.69,17.73,17.61,458540,8105254,468,1.21113211360752
2018-06-06 09:41:39,<NIL>,SH600637,东方明珠,43257.4039236111,17.68,17.68,17.68,17.68,17.68,200,3536,1,17.69,0,0,17.68,17.67,17.66,17.65,17.64,17.69,17.7,17.71,17.72,17.73,500,12732,19200,11700,13400,100,1000,3900,5300,26900,1.54655913978495,1.21499824523926,2,0,0,200,3536,57532,37200,218008,3853170,240732,4255620,15037904,12406100,17.73,17.63,17.68,17.73,17.61,458740,8108790,469,1.21213789990408
2018-06-06 09:41:45,<NIL>,SH600637,东方明珠,43257.4039930556,17.68,17.68,17.68,17.68,17.68,400,7072,2,17.68,0,0,17.68,17.67,17.66,17.65,17.64,17.69,17.7,17.71,17.72,17.73,100,12732,19200,12700,13400,100,1000,3900,5300,26900,1.56268817204301,1.2160576581955,2,0,0,400,7072,58132,37200,218008,3853170,241132,4262692,15096036,12443300,17.73,17.63,17.68,17.73,17.61,459140,8115862,471,1.21318589120249
2018-06-06 09:41:50,<NIL>,SH600637,东方明珠,43257.4040509259,17.67,17.67,17.67,17.67,17.67,200,3535,2,17.68,0,0,17.67,17.66,17.65,17.64,17.63,17.68,17.69,17.7,17.71,17.72,12632,19200,12700,13400,5800,3000,100,1000,3900,5300,4.79187969924812,1.21658742427826,2,0,0,200,3535,63732,13300,218008,3853170,241332,4266227,15159768,12456600,17.73,17.63,17.67,17.73,17.61,459340,8119397,473,1.21700688791484
2018-06-06 09:41:53,<NIL>,SH600637,东方明珠,43257.4040856482,17.68,17.68,17.68,17.68,17.68,200,3536,2,17.67,0,0,17.67,17.66,17.65,17.64,17.63,17.68,17.69,17.7,17.71,17.72,12632,19200,12700,13400,5800,2800,400,1000,3900,5300,4.75611940298507,1.21711707115173,1,200,3536,0,0,63732,13400,218208,3856706,241332,4266227,15223500,12470000,17.73,17.63,17.68,17.73,17.61,459540,8122933,475,1.22080994386528
2018-06-06 09:41:55,<NIL>,SH600637,东方明珠,43257.4041087963,17.68,17.68,17.68,17.68,17.68,2000,35360,1,17.68,0,0,17.67,17.66,17.65,17.64,17.63,17.68,17.69,17.7,17.71,17.72,12632,19200,12700,13400,5800,800,400,1000,3900,6300,5.13967741935484,1.22241413593292,1,2000,35360,0,0,63732,12400,220208,3892066,241332,4266227,15287232,12482400,17.73,17.63,17.68,17.73,17.61,461540,8158293,476,1.22470294174197
2018-06-06 09:42:00,<NIL>,SH600637,东方明珠,43257.4041666667,17.68,17.68,17.68,17.68,17.68,1000,17680,3,17.68,0,0,17.68,17.67,17.66,17.65,17.64,17.69,17.7,17.71,17.72,17.73,400,12632,19200,12700,13400,400,3000,3900,4300,26900,1.51511688311688,1.22506272792816,1,1000,17680,0,0,58332,38500,221208,3909746,241332,4266227,15345564,12520900,17.73,17.63,17.68,17.73,17.61,462540,8175973,479,1.22559592361571
2018-06-06 09:42:01,<NIL>,SH600637,东方明珠,43257.4041782407,17.69,17.69,17.69,17.69,17.69,500,8844,3,17.68,0,0,17.69,17.68,17.67,17.66,17.65,17.7,17.71,17.72,17.73,17.75,600,1600,12632,19200,12700,4900,3900,4300,26900,10300,0.929065606361829,1.13204956054688,1,500,8844,0,0,46732,50300,221708,3918590,241332,4266227,15392296,12571200,17.73,17.63,17.69,17.73,17.61,463040,8184817,482,1.22440944380807
2018-06-06 09:42:04,<NIL>,SH600637,东方明珠,43257.404212963,17.69,17.69,17.69,17.69,17.69,0,0,0,17.69,0,0,17.69,17.68,17.67,17.66,17.65,17.7,17.71,17.72,17.73,17.75,600,1300,12632,18700,12700,4900,3900,4300,26900,10300,0.913161033797217,1.13204956054688,0,0,0,0,0,45932,50300,221708,3918590,241332,4266227,15438228,12621500,17.73,17.63,17.69,17.73,17.61,463040,8184817,482,1.22316903696074
2018-06-06 09:42:06,<NIL>,SH600637,东方明珠,43257.4042361111,17.69,17.69,17.69,17.69,17.69,300,5307,1,17.69,0,0,17.69,17.68,17.67,17.66,17.65,17.7,17.71,17.72,17.73,17.75,300,1300,12632,18700,12700,4900,3900,4300,26900,10300,0.907196819085487,1.13278305530548,2,0,0,300,5307,45632,50300,221708,3918590,241632,4271534,15483860,12671800,17.73,17.63,17.69,17.73,17.61,463340,8190124,483,1.22191480294828
2018-06-06 09:42:09,<NIL>,SH600637,东方明珠,43257.4042708333,17.69,17.69,17.69,17.69,17.69,200,3538,1,17.69,0,0,17.69,17.68,17.67,17.66,17.65,17.7,17.71,17.72,17.73,17.75,100,1300,12632,18700,12700,4900,3900,4300,26900,10300,0.903220675944334,1.13327193260193,2,0,0,200,3538,45432,50300,221708,3918590,241832,4275072,15529292,12722100,17.73,17.63,17.69,17.73,17.61,463540,8193662,484,1.22065476611566
2018-06-06 09:42:12,<NIL>,SH600637,东方明珠,43257.4043055556,17.69,17.69,17.69,17.69,17.69,0,0,0,17.69,0,0,17.68,17.67,17.66,17.65,17.64,17.7,17.71,17.72,17.73,17.75,1300,13632,18700,12700,13400,4900,3900,4300,26900,10300,1.18751491053678,1.13327193260193,0,0,0,0,0,59732,50300,221708,3918590,241832,4275072,15589024,12772400,17.73,17.63,17.69,17.73,17.61,463540,8193662,484,1.22052425542576
2018-06-06 09:42:15,<NIL>,SH600637,东方明珠,43257.4043402778,17.7,17.7,17.7,17.7,17.7,300,5310,1,17.69,0,0,17.68,17.67,17.66,17.65,17.64,17.7,17.71,17.72,17.73,17.75,1300,13632,18700,12700,13400,4600,3900,4300,26900,10300,1.19464,1.13400542736053,1,300,5310,0,0,59732,50000,222008,3923900,241832,4275072,15648756,12822400,17.73,17.63,17.7,17.73,17.61,463840,8198972,485,1.22042332168705
2018-06-06 09:42:19,<NIL>,SH600637,东方明珠,43257.4043865741,17.68,17.68,17.68,17.68,17.68,500,8846,2,17.7,0,0,17.68,17.67,17.66,17.65,17.64,17.7,17.71,17.72,17.73,17.75,1100,13632,18700,12700,13400,4300,3900,4300,26900,10300,1.19782696177062,1.13522779941559,2,0,0,500,8846,59532,49700,222008,3923900,242332,4283918,15708288,12872100,17.73,17.63,17.68,17.73,17.61,464340,8207818,487,1.2203360756986
2018-06-06 09:42:22,<NIL>,SH600637,东方明珠,43257.4044212963,17.68,17.68,17.68,17.68,17.68,0,0,0,17.68,0,0,17.69,17.68,17.67,17.66,17.65,17.7,17.71,17.72,17.73,17.75,1000,1100,13632,18700,12700,4300,3900,4300,26900,10300,0.948329979879276,1.13522779941559,0,0,0,0,0,47132,49700,222008,3923900,242332,4283918,15755420,12921800,17.73,17.63,17.68,17.73,17.61,464340,8207818,487,1.21928988221455
2018-06-06 09:42:26,<NIL>,SH600637,东方明珠,43257.4044675926,17.69,17.69,17.69,17.69,17.69,200,3538,1,17.68,0,0,17.69,17.68,17.67,17.66,17.65,17.7,17.71,17.72,17.73,17.75,800,1100,13632,18700,12700,4300,3900,4300,26900,10300,0.94430583501006,1.13571679592133,2,0,0,200,3538,46932,49700,222008,3923900,242532,4287456,15802352,12971500,17.73,17.63,17.69,17.73,17.61,464540,8211356,488,1.21823628724511
2018-06-06 09:42:29,<NIL>,SH600637,东方明珠,43257.4045023148,17.7,17.7,17.7,17.7,17.7,300,5308,2,17.69,0,0,17.69,17.68,17.67,17.66,17.65,17.7,17.71,17.72,17.73,17.75,600,1200,13632,18700,12700,4200,3900,4300,26900,10300,0.944193548387097,1.13645029067993,1,300,5308,0,0,46832,49600,222308,3929208,242532,4287456,15849184,13021100,17.73,17.63,17.7,17.73,17.61,464840,8216664,490,1.21719240309958
2018-06-06 09:42:32,<NIL>,SH600637,东方明珠,43257.404537037,17.69,17.69,17.69,17.69,17.69,1100,19464,3,17.7,0,0,17.68,17.67,17.66,17.65,17.64,17.69,17.7,17.71,17.72,17.73,1200,13632,18700,12700,13400,400,3700,3900,49920,26900,0.703041735439755,1.13913953304291,2,0,0,1100,19464,59632,84820,222308,3929208,243632,4306920,15908816,13105920,17.73,17.63,17.69,17.73,17.61,465940,8236128,493,1.21386487938275
2018-06-06 09:42:36,<NIL>,SH600637,东方明珠,43257.4045833333,17.69,17.69,17.69,17.69,17.69,100,1769,1,17.69,0,0,17.68,17.67,17.66,17.65,17.64,17.69,17.7,17.71,17.72,17.73,1200,13632,18700,12700,13400,1300,3700,3900,49920,26900,0.695660289314046,1.13938403129578,1,100,1769,0,0,59632,85720,222408,3930977,243632,4306920,15968448,13191640,17.73,17.63,17.69,17.73,17.61,466040,8237897,494,1.21049755754402
2018-06-06 09:42:40,<NIL>,SH600637,东方明珠,43257.4046296296,17.68,17.68,17.68,17.68,17.68,200,3536,1,17.69,0,0,17.68,17.67,17.66,17.65,17.64,17.69,17.7,17.71,17.72,17.73,1000,13632,18700,12700,13400,1300,3700,3900,49920,26900,0.693327111525898,1.13987302780151,2,0,0,200,3536,59432,85720,222408,3930977,243832,4310456,16027880,13277360,17.73,17.63,17.68,17.73,17.61,466240,8241433,495,1.20715865202118
2018-06-06 09:42:44,<NIL>,SH600637,东方明珠,43257.4046759259,17.68,17.68,17.68,17.68,17.68,300,5304,1,17.68,0,0,17.68,17.67,17.66,17.65,17.64,17.69,17.7,17.71,17.72,17.73,700,13632,18700,12700,13400,1300,3700,3900,49920,26900,0.689827344843677,1.14060640335083,2,0,0,300,5304,59132,85720,222408,3930977,244132,4315760,16087012,13363080,17.73,17.63,17.68,17.73,17.61,466540,8246737,496,1.20384013266403
2018-06-06 09:42:50,<NIL>,SH600637,东方明珠,43257.4047453704,17.68,17.68,17.68,17.68,17.68,700,12376,2,17.68,0,0,17.67,17.66,17.65,17.64,17.63,17.69,17.7,17.71,17.72,17.73,13632,18700,12700,13400,6300,1300,3700,3900,49920,26900,0.755156322911806,1.14231777191162,2,0,0,700,12376,64732,85720,222408,3930977,244832,4328136,16151744,13448800,17.73,17.63,17.68,17.73,17.61,467240,8259113,498,1.20098031051097
2018-06-06 09:42:59,<NIL>,SH600637,东方明珠,43257.404849537,17.68,17.68,17.68,17.68,17.68,0,0,0,17.68,0,0,17.68,17.67,17.66,17.65,17.64,17.69,17.7,17.71,17.72,17.73,100,13632,18700,12700,13400,1300,4200,3900,49920,26900,0.678868012062167,1.14231777191162,0,0,0,0,0,58532,86220,222408,3930977,244832,4328136,16210276,13535020,17.73,17.63,17.68,17.73,17.61,467240,8259113,498,1.19765438100572
2018-06-06 09:43:00,<NIL>,SH600637,东方明珠,43257.4048611111,17.67,17.67,17.67,17.67,17.67,200,3535,2,17.68,0,0,17.67,17.66,17.65,17.64,17.63,17.69,17.7,17.71,17.72,17.73,13532,18700,12700,13400,6300,1300,4200,3900,49920,26900,0.749617258176757,1.14280676841736,2,0,0,200,3535,64632,86220,222408,3930977,245032,4331671,16274908,13621240,17.73,17.63,17.67,17.73,17.61,467440,8262648,500,1.19481838657861
2018-06-06 09:43:05,<NIL>,SH600637,东方明珠,43257.4049189815,17.67,17.67,17.67,17.67,17.67,100,1767,1,17.67,0,0,17.67,17.66,17.65,17.64,17.63,17.69,17.7,17.71,17.72,17.73,13432,18700,12700,13400,6300,1300,4200,3900,49920,26900,0.748457434469961,1.06140470504761,2,0,0,100,1767,64532,86220,222408,3930977,245132,4333438,16339440,13707460,17.73,17.63,17.67,17.73,17.61,467540,8264415,501,1.19201077369549
2018-06-06 09:43:07,<NIL>,SH600637,东方明珠,43257.4049421296,17.67,17.67,17.67,17.67,17.67,500,8835,1,17.67,0,0,17.67,17.66,17.65,17.64,17.63,17.69,17.7,17.71,17.72,17.73,12932,18700,12700,13400,6300,1300,4200,3900,49920,26900,0.742658315935978,1.06253981590271,2,0,0,500,8835,64032,86220,222408,3930977,245632,4342273,16403472,13793680,17.73,17.63,17.67,17.73,17.61,468040,8273250,502,1.18920201135593
2018-06-06 09:43:11,<NIL>,SH600637,东方明珠,43257.4049884259,17.69,17.69,17.69,17.69,17.69,800,14148,4,17.67,0,0,17.67,17.66,17.65,17.64,17.63,17.69,17.7,17.71,17.72,17.73,12732,18700,12700,13400,6300,700,6200,3900,49920,26900,0.728509472723123,1.06435596942902,1,800,14148,0,0,63832,87620,223208,3945125,245632,4342273,16467304,13881300,17.73,17.63,17.69,17.73,17.61,468840,8287398,506,1.18629407908481
2018-06-06 09:43:14,<NIL>,SH600637,东方明珠,43257.4050231481,17.69,17.69,17.69,17.69,17.69,0,0,0,17.69,0,0,17.67,17.66,17.65,17.64,17.63,17.69,17.7,17.71,17.72,17.73,13232,18700,12700,13400,6300,700,6200,3900,49920,26900,0.734215932435517,1.06435596942902,0,0,0,0,0,64332,87620,223208,3945125,245632,4342273,16531636,13968920,17.73,17.63,17.69,17.73,17.61,468840,8287398,506,1.18345842055077
2018-06-06 09:43:17,<NIL>,SH600637,东方明珠,43257.4050578704,17.69,17.69,17.69,17.69,17.69,0,0,0,17.69,0,0,17.68,17.67,17.66,17.65,17.64,17.69,17.7,17.71,17.72,17.73,500,13332,18700,12700,13400,700,6200,3900,49920,26900,0.669162291714221,1.06435596942902,0,0,0,0,0,58632,87620,223208,3945125,245632,4342273,16590268,14056540,17.73,17.63,17.69,17.73,17.61,468840,8287398,506,1.18025260839438
2018-06-06 09:43:20,<NIL>,SH600637,东方明珠,43257.4050925926,17.68,17.68,17.68,17.68,17.68,200,3536,1,17.69,0,0,17.68,17.67,17.66,17.65,17.64,17.69,17.7,17.71,17.72,17.73,300,13332,18700,12700,13400,800,6200,3900,49920,26900,0.666119471044232,1.06481003761292,2,0,0,200,3536,58432,87720,223208,3945125,245832,4345809,16648700,14144260,17.73,17.63,17.68,17.73,17.61,469040,8290934,507,1.1770640528384
2018-06-06 09:43:25,<NIL>,SH600637,东方明珠,43257.405150463,17.68,17.68,17.68,17.68,17.68,100,1768,1,17.68,0,0,17.68,17.67,17.66,17.65,17.64,17.69,17.7,17.71,17.72,17.73,200,13332,18700,12700,13400,800,6200,3900,49920,26900,0.664979480164159,1.06503701210022,2,0,0,100,1768,58332,87720,223208,3945125,245932,4347577,16707032,14231980,17.73,17.63,17.68,17.73,17.61,469140,8292702,508,1.17390777671132
2018-06-06 09:43:28,<NIL>,SH600637,东方明珠,43257.4051851852,17.68,17.68,17.68,17.68,17.68,0,0,0,17.68,0,0,17.68,17.67,17.66,17.65,17.64,17.69,17.7,17.71,17.72,17.73,200,14132,18700,12700,13400,800,6200,3900,49920,26900,0.674099407204742,1.06503701210022,0,0,0,0,0,59132,87720,223208,3945125,245932,4347577,16766164,14319700,17.73,17.63,17.68,17.73,17.61,469140,8292702,508,1.17084603727732
