time,stockid,StockID,StockName,date,price,open,close,high,low,vol,amount,cjbs,yclose,syl1,syl2,buy1,buy2,buy3,buy4,buy5,sale1,sale2,sale3,sale4,sale5,bc1,bc2,bc3,bc4,bc5,sc1,sc2,sc3,sc4,sc5,wb,lb,zmm,buy_vol,buy_amount,sale_vol,sale_amount,w_buy,w_sale,sectional_buy_vol,sectional_buy_amount,sectional_sale_vol,sectional_sale_amount,sectional_w_buy,sectional_w_sale,sectional_yclose,sectional_open,sectional_close,sectional_high,sectional_low,sectional_vol,sectional_amount,sectional_cjbs,sectional_wb
2018-06-19 09:14:36,<NIL>,SH600637,东方明珠,43270.3851388889,0,0,0,0,0,0,0,0,0,0,0,15.13,0,0,0,0,15.13,0,0,0,0,20300,1300,0,0,0,20300,0,0,0,0,1.064039408867,0,0,0,0,0,0,21600,20300,0,0,0,0,21600,20300,15.72,15.41,0,0,0,0,0,0,1.064039408867
2018-06-19 09:15:03,<NIL>,SH600637,东方明珠,43270.3854513889,0,0,0,0,0,0,0,0,0,0,0,15.25,0,0,0,0,15.25,0,0,0,0,23400,200,0,0,0,23400,0,0,0,0,1.00854700854701,0,0,0,0,0,0,23600,23400,0,0,0,0,45200,43700,15.72,15.41,0,0,0,0,0,0,1.03432494279176
2018-06-19 09:15:12,<NIL>,SH600637,东方明珠,43270.3855555556,0,0,0,0,0,0,0,0,0,0,0,15.28,0,0,0,0,15.28,0,0,0,0,24600,0,0,0,0,24600,1500,0,0,0,0.942528735632184,0,0,0,0,0,0,24600,26100,0,0,0,0,69800,69800,15.72,15.41,0,0,0,0,0,0,1
2018-06-19 09:15:18,<NIL>,SH600637,东方明珠,43270.385625,0,0,0,0,0,0,0,0,0,0,0,15.31,0,0,0,0,15.31,0,0,0,0,26100,500,0,0,0,26100,0,0,0,0,1.01915708812261,0,0,0,0,0,0,26600,26100,0,0,0,0,96400,95900,15.72,15.41,0,0,0,0,0,0,1.00521376433785
2018-06-19 09:15:21,<NIL>,SH600637,东方明珠,43270.3856597222,0,0,0,0,0,0,0,0,0,0,0,15.28,0,0,0,0,15.28,0,0,0,0,25200,0,0,0,0,25200,900,0,0,0,0.96551724137931,0,0,0,0,0,0,25200,26100,0,0,0,0,121600,122000,15.72,15.41,0,0,0,0,0,0,0.99672131147541
2018-06-19 09:15:36,<NIL>,SH600637,东方明珠,43270.3858333333,0,0,0,0,0,0,0,0,0,0,0,15.3,0,0,0,0,15.3,0,0,0,0,26100,100,0,0,0,26100,0,0,0,0,1.00383141762452,0,0,0,0,0,0,26200,26100,0,0,0,0,147800,148100,15.72,15.41,0,0,0,0,0,0,0.99797434166104
2018-06-19 09:16:06,<NIL>,SH600637,东方明珠,43270.3861805556,0,0,0,0,0,0,0,0,0,0,0,15.02,0,0,0,0,15.02,0,0,0,0,63800,17500,0,0,0,63800,0,0,0,0,1.27429467084639,0,0,0,0,0,0,81300,63800,0,0,0,0,229100,211900,15.72,15.41,0,0,0,0,0,0,1.08117036337895
2018-06-19 09:16:21,<NIL>,SH600637,东方明珠,43270.3863541667,0,0,0,0,0,0,0,0,0,0,0,15.02,0,0,0,0,15.02,0,0,0,0,63800,16300,0,0,0,63800,0,0,0,0,1.25548589341693,0,0,0,0,0,0,80100,63800,0,0,0,0,309200,275700,15.72,15.41,0,0,0,0,0,0,1.1215088864708
2018-06-19 09:16:33,<NIL>,SH600637,东方明珠,43270.3864930556,0,0,0,0,0,0,0,0,0,0,0,15.02,0,0,0,0,15.02,0,0,0,0,63800,18500,0,0,0,63800,0,0,0,0,1.28996865203762,0,0,0,0,0,0,82300,63800,0,0,0,0,391500,339500,15.72,15.41,0,0,0,0,0,0,1.15316642120766
2018-06-19 09:16:36,<NIL>,SH600637,东方明珠,43270.3865277778,0,0,0,0,0,0,0,0,0,0,0,15.02,0,0,0,0,15.02,0,0,0,0,63800,19200,0,0,0,63800,0,0,0,0,1.30094043887147,0,0,0,0,0,0,83000,63800,0,0,0,0,474500,403300,15.72,15.41,0,0,0,0,0,0,1.17654351599306
2018-06-19 09:16:48,<NIL>,SH600637,东方明珠,43270.3866666667,0,0,0,0,0,0,0,0,0,0,0,15.02,0,0,0,0,15.02,0,0,0,0,78500,3200,0,0,0,78500,0,0,0,0,1.04076433121019,0,0,0,0,0,0,81700,78500,0,0,0,0,556200,481800,15.72,15.41,0,0,0,0,0,0,1.15442092154421
2018-06-19 09:17:00,<NIL>,SH600637,东方明珠,43270.3868055556,0,0,0,0,0,0,0,0,0,0,0,15.02,0,0,0,0,15.02,0,0,0,0,78500,5300,0,0,0,78500,0,0,0,0,1.06751592356688,0,0,0,0,0,0,83800,78500,0,0,0,0,640000,560300,15.72,15.41,0,0,0,0,0,0,1.14224522577191
2018-06-19 09:17:18,<NIL>,SH600637,东方明珠,43270.3870138889,0,0,0,0,0,0,0,0,0,0,0,15.02,0,0,0,0,15.02,0,0,0,0,79028,5072,0,0,0,79028,0,0,0,0,1.06417978438022,0,0,0,0,0,0,84100,79028,0,0,0,0,724100,639328,15.72,15.41,0,0,0,0,0,0,1.13259547524901
2018-06-19 09:17:21,<NIL>,SH600637,东方明珠,43270.3870486111,0,0,0,0,0,0,0,0,0,0,0,15.02,0,0,0,0,15.02,0,0,0,0,79028,10572,0,0,0,79028,0,0,0,0,1.13377537075467,0,0,0,0,0,0,89600,79028,0,0,0,0,813700,718356,15.72,15.41,0,0,0,0,0,0,1.13272527827428
2018-06-19 09:17:27,<NIL>,SH600637,东方明珠,43270.3871180556,0,0,0,0,0,0,0,0,0,0,0,15.02,0,0,0,0,15.02,0,0,0,0,79028,12872,0,0,0,79028,0,0,0,0,1.16287897960217,0,0,0,0,0,0,91900,79028,0,0,0,0,905600,797384,15.72,15.41,0,0,0,0,0,0,1.13571378407392
2018-06-19 09:17:36,<NIL>,SH600637,东方明珠,43270.3872222222,0,0,0,0,0,0,0,0,0,0,0,15.02,0,0,0,0,15.02,0,0,0,0,79028,14172,0,0,0,79028,0,0,0,0,1.17932884547249,0,0,0,0,0,0,93200,79028,0,0,0,0,998800,876412,15.72,15.41,0,0,0,0,0,0,1.13964665020561
2018-06-19 09:17:42,<NIL>,SH600637,东方明珠,43270.3872916667,0,0,0,0,0,0,0,0,0,0,0,15.02,0,0,0,0,15.02,0,0,0,0,79028,14672,0,0,0,79028,0,0,0,0,1.18565571696108,0,0,0,0,0,0,93700,79028,0,0,0,0,1092500,955440,15.72,15.41,0,0,0,0,0,0,1.14345223143264
2018-06-19 09:17:51,<NIL>,SH600637,东方明珠,43270.3873958333,0,0,0,0,0,0,0,0,0,0,0,15.02,0,0,0,0,15.02,0,0,0,0,79028,17072,0,0,0,79028,0,0,0,0,1.21602470010629,0,0,0,0,0,0,96100,79028,0,0,0,0,1188600,1034468,15.72,15.41,0,0,0,0,0,0,1.14899639234853
2018-06-19 09:18:03,<NIL>,SH600637,东方明珠,43270.3875347222,0,0,0,0,0,0,0,0,0,0,0,15.02,0,0,0,0,15.02,0,0,0,0,79028,18272,0,0,0,79028,0,0,0,0,1.2312091916789,0,0,0,0,0,0,97300,79028,0,0,0,0,1285900,1113496,15.72,15.41,0,0,0,0,0,0,1.15483127016172
2018-06-19 09:18:18,<NIL>,SH600637,东方明珠,43270.3877083333,0,0,0,0,0,0,0,0,0,0,0,15.02,0,0,0,0,15.02,0,0,0,0,79028,24372,0,0,0,79028,0,0,0,0,1.30839702383965,0,0,0,0,0,0,103400,79028,0,0,0,0,1389300,1192524,15.72,15.41,0,0,0,0,0,0,1.165007999839
2018-06-19 09:18:24,<NIL>,SH600637,东方明珠,43270.3877777778,0,0,0,0,0,0,0,0,0,0,0,15.02,0,0,0,0,15.02,0,0,0,0,79028,26872,0,0,0,79028,0,0,0,0,1.34003138128258,0,0,0,0,0,0,105900,79028,0,0,0,0,1495200,1271552,15.72,15.41,0,0,0,0,0,0,1.17588584658748
2018-06-19 09:18:33,<NIL>,SH600637,东方明珠,43270.3878819444,0,0,0,0,0,0,0,0,0,0,0,15.13,0,0,0,0,15.13,0,0,0,0,38628,2172,0,0,0,38628,0,0,0,0,1.05622864243554,0,0,0,0,0,0,40800,38628,0,0,0,0,1536000,1310180,15.72,15.41,0,0,0,0,0,0,1.17235799661115
2018-06-19 09:18:54,<NIL>,SH600637,东方明珠,43270.388125,0,0,0,0,0,0,0,0,0,0,0,15.13,0,0,0,0,15.13,0,0,0,0,38628,2472,0,0,0,38628,0,0,0,0,1.06399502951227,0,0,0,0,0,0,41100,38628,0,0,0,0,1577100,1348808,15.72,15.41,0,0,0,0,0,0,1.16925463075545
2018-06-19 09:19:09,<NIL>,SH600637,东方明珠,43270.3882986111,0,0,0,0,0,0,0,0,0,0,0,15.13,0,0,0,0,15.13,0,0,0,0,38628,10072,0,0,0,38628,0,0,0,0,1.26074350212281,0,0,0,0,0,0,48700,38628,0,0,0,0,1625800,1387436,15.72,15.41,0,0,0,0,0,0,1.1718017984253
2018-06-19 09:19:12,<NIL>,SH600637,东方明珠,43270.3883333333,0,0,0,0,0,0,0,0,0,0,0,15.13,0,0,0,0,15.13,0,0,0,0,38628,14072,0,0,0,38628,0,0,0,0,1.36429532981257,0,0,0,0,0,0,52700,38628,0,0,0,0,1678500,1426064,15.72,15.41,0,0,0,0,0,0,1.1770158983047
2018-06-19 09:19:33,<NIL>,SH600637,东方明珠,43270.3885763889,0,0,0,0,0,0,0,0,0,0,0,15.13,0,0,0,0,15.13,0,0,0,0,38628,14272,0,0,0,38628,0,0,0,0,1.36947292119706,0,0,0,0,0,0,52900,38628,0,0,0,0,1731400,1464692,15.72,15.41,0,0,0,0,0,0,1.18209152504417
2018-06-19 09:19:39,<NIL>,SH600637,东方明珠,43270.3886458333,0,0,0,0,0,0,0,0,0,0,0,15.32,0,0,0,0,15.32,0,0,0,0,26628,672,0,0,0,26628,0,0,0,0,1.02523659305994,0,0,0,0,0,0,27300,26628,0,0,0,0,1758700,1491320,15.72,15.41,0,0,0,0,0,0,1.17929082960062
2018-06-19 09:19:57,<NIL>,SH600637,东方明珠,43270.3888541667,0,0,0,0,0,0,0,0,0,0,0,15.32,0,0,0,0,15.32,0,0,0,0,26628,4872,0,0,0,26628,0,0,0,0,1.18296529968454,0,0,0,0,0,0,31500,26628,0,0,0,0,1790200,1517948,15.72,15.41,0,0,0,0,0,0,1.17935528753291
2018-06-19 09:20:09,<NIL>,SH600637,东方明珠,43270.3889930556,0,0,0,0,0,0,0,0,0,0,0,15.32,0,0,0,0,15.32,0,0,0,0,26628,5172,0,0,0,26628,0,0,0,0,1.19423163587201,0,0,0,0,0,0,31800,26628,0,0,0,0,1822000,1544576,15.72,15.41,0,0,0,0,0,0,1.1796117510566
2018-06-19 09:20:24,<NIL>,SH600637,东方明珠,43270.3891666667,0,0,0,0,0,0,0,0,0,0,0,15.33,0,0,0,0,15.33,0,0,0,0,26628,772,0,0,0,26628,0,0,0,0,1.02899203845576,0,0,0,0,0,0,27400,26628,0,0,0,0,1849400,1571204,15.72,15.41,0,0,0,0,0,0,1.17705912153991
2018-06-19 09:20:39,<NIL>,SH600637,东方明珠,43270.3893402778,0,0,0,0,0,0,0,0,0,0,0,15.33,0,0,0,0,15.33,0,0,0,0,27328,72,0,0,0,27328,0,0,0,0,1.00263466042155,0,0,0,0,0,0,27400,27328,0,0,0,0,1876800,1598532,15.72,15.41,0,0,0,0,0,0,1.17407721584554
2018-06-19 09:20:48,<NIL>,SH600637,东方明珠,43270.3894444444,0,0,0,0,0,0,0,0,0,0,0,15.3,0,0,0,0,15.3,0,0,0,0,36428,272,0,0,0,36428,0,0,0,0,1.00746678379269,0,0,0,0,0,0,36700,36428,0,0,0,0,1913500,1634960,15.72,15.41,0,0,0,0,0,0,1.17036502422078
2018-06-19 09:20:54,<NIL>,SH600637,东方明珠,43270.3895138889,0,0,0,0,0,0,0,0,0,0,0,15.31,0,0,0,0,15.31,0,0,0,0,36428,272,0,0,0,36428,0,0,0,0,1.00746678379269,0,0,0,0,0,0,36700,36428,0,0,0,0,1950200,1671388,15.72,15.41,0,0,0,0,0,0,1.16681464746666
2018-06-19 09:20:57,<NIL>,SH600637,东方明珠,43270.3895486111,0,0,0,0,0,0,0,0,0,0,0,15.31,0,0,0,0,15.31,0,0,0,0,36628,1372,0,0,0,36628,0,0,0,0,1.03745768264716,0,0,0,0,0,0,38000,36628,0,0,0,0,1988200,1708016,15.72,15.41,0,0,0,0,0,0,1.16404061788648
2018-06-19 09:21:03,<NIL>,SH600637,东方明珠,43270.3896180556,0,0,0,0,0,0,0,0,0,0,0,15.31,0,0,0,0,15.31,0,0,0,0,36628,6372,0,0,0,36628,0,0,0,0,1.17396527246915,0,0,0,0,0,0,43000,36628,0,0,0,0,2031200,1744644,15.72,15.41,0,0,0,0,0,0,1.1642489814541
2018-06-19 09:21:18,<NIL>,SH600637,东方明珠,43270.3897916667,0,0,0,0,0,0,0,0,0,0,0,15.31,0,0,0,0,15.31,0,0,0,0,36928,6072,0,0,0,36928,0,0,0,0,1.1644280762565,0,0,0,0,0,0,43000,36928,0,0,0,0,2074200,1781572,15.72,15.41,0,0,0,0,0,0,1.1642526936885
2018-06-19 09:21:33,<NIL>,SH600637,东方明珠,43270.3899652778,0,0,0,0,0,0,0,0,0,0,0,15.31,0,0,0,0,15.31,0,0,0,0,36928,6272,0,0,0,36928,0,0,0,0,1.16984402079723,0,0,0,0,0,0,43200,36928,0,0,0,0,2117400,1818500,15.72,15.41,0,0,0,0,0,0,1.16436623590872
2018-06-19 09:21:39,<NIL>,SH600637,东方明珠,43270.3900347222,0,0,0,0,0,0,0,0,0,0,0,15.31,0,0,0,0,15.31,0,0,0,0,37028,6172,0,0,0,37028,0,0,0,0,1.16668467105974,0,0,0,0,0,0,43200,37028,0,0,0,0,2160600,1855528,15.72,15.41,0,0,0,0,0,0,1.16441250145511
2018-06-19 09:21:57,<NIL>,SH600637,东方明珠,43270.3902430556,0,0,0,0,0,0,0,0,0,0,0,15.31,0,0,0,0,15.31,0,0,0,0,37028,6472,0,0,0,37028,0,0,0,0,1.1747866479421,0,0,0,0,0,0,43500,37028,0,0,0,0,2204100,1892556,15.72,15.41,0,0,0,0,0,0,1.16461547240874
2018-06-19 09:22:03,<NIL>,SH600637,东方明珠,43270.3903125,0,0,0,0,0,0,0,0,0,0,0,15.31,0,0,0,0,15.31,0,0,0,0,37028,6872,0,0,0,37028,0,0,0,0,1.18558928378524,0,0,0,0,0,0,43900,37028,0,0,0,0,2248000,1929584,15.72,15.41,0,0,0,0,0,0,1.16501795205599
2018-06-19 09:22:24,<NIL>,SH600637,东方明珠,43270.3905555556,0,0,0,0,0,0,0,0,0,0,0,15.31,0,0,0,0,15.31,0,0,0,0,37028,7372,0,0,0,37028,0,0,0,0,1.19909257858918,0,0,0,0,0,0,44400,37028,0,0,0,0,2292400,1966612,15.72,15.41,0,0,0,0,0,0,1.16565952002734
2018-06-19 09:22:33,<NIL>,SH600637,东方明珠,43270.3906597222,0,0,0,0,0,0,0,0,0,0,0,15.31,0,0,0,0,15.31,0,0,0,0,37028,7672,0,0,0,37028,0,0,0,0,1.20719455547154,0,0,0,0,0,0,44700,37028,0,0,0,0,2337100,2003640,15.72,15.41,0,0,0,0,0,0,1.16642710267314
2018-06-19 09:22:39,<NIL>,SH600637,东方明珠,43270.3907291667,0,0,0,0,0,0,0,0,0,0,0,15.32,0,0,0,0,15.32,0,0,0,0,37028,72,0,0,0,37028,0,0,0,0,1.00194447445177,0,0,0,0,0,0,37100,37028,0,0,0,0,2374200,2040668,15.72,15.41,0,0,0,0,0,0,1.16344255900519
2018-06-19 09:22:42,<NIL>,SH600637,东方明珠,43270.3907638889,0,0,0,0,0,0,0,0,0,0,0,15.32,0,0,0,0,15.32,0,0,0,0,37028,1572,0,0,0,37028,0,0,0,0,1.04245435886356,0,0,0,0,0,0,38600,37028,0,0,0,0,2412800,2077696,15.72,15.41,0,0,0,0,0,0,1.16128634795466
2018-06-19 09:22:48,<NIL>,SH600637,东方明珠,43270.3908333333,0,0,0,0,0,0,0,0,0,0,0,15.32,0,0,0,0,15.32,0,0,0,0,37028,2172,0,0,0,37028,0,0,0,0,1.05865831262828,0,0,0,0,0,0,39200,37028,0,0,0,0,2452000,2114724,15.72,15.41,0,0,0,0,0,0,1.15948937071694
2018-06-19 09:22:54,<NIL>,SH600637,东方明珠,43270.3909027778,0,0,0,0,0,0,0,0,0,0,0,15.32,0,0,0,0,15.32,0,0,0,0,37028,4172,0,0,0,37028,0,0,0,0,1.11267149184401,0,0,0,0,0,0,41200,37028,0,0,0,0,2493200,2151752,15.72,15.41,0,0,0,0,0,0,1.15868371448011
2018-06-19 09:22:57,<NIL>,SH600637,东方明珠,43270.3909375,0,0,0,0,0,0,0,0,0,0,0,15.32,0,0,0,0,15.32,0,0,0,0,37028,7272,0,0,0,37028,0,0,0,0,1.19639191962839,0,0,0,0,0,0,44300,37028,0,0,0,0,2537500,2188780,15.72,15.41,0,0,0,0,0,0,1.15932163122836
2018-06-19 09:23:03,<NIL>,SH600637,东方明珠,43270.3910069444,0,0,0,0,0,0,0,0,0,0,0,15.32,0,0,0,0,15.32,0,0,0,0,37028,7472,0,0,0,37028,0,0,0,0,1.20179323754996,0,0,0,0,0,0,44500,37028,0,0,0,0,2582000,2225808,15.72,15.41,0,0,0,0,0,0,1.16002817853112
2018-06-19 09:23:09,<NIL>,SH600637,东方明珠,43270.3910763889,0,0,0,0,0,0,0,0,0,0,0,15.32,0,0,0,0,15.32,0,0,0,0,37028,7772,0,0,0,37028,0,0,0,0,1.20989521443232,0,0,0,0,0,0,44800,37028,0,0,0,0,2626800,2262836,15.72,15.41,0,0,0,0,0,0,1.16084417960471
2018-06-19 09:23:24,<NIL>,SH600637,东方明珠,43270.39125,0,0,0,0,0,0,0,0,0,0,0,15.32,0,0,0,0,15.32,0,0,0,0,37028,17872,0,0,0,37028,0,0,0,0,1.48266176947175,0,0,0,0,0,0,54900,37028,0,0,0,0,2681700,2299864,15.72,15.41,0,0,0,0,0,0,1.1660254693321
2018-06-19 09:23:27,<NIL>,SH600637,东方明珠,43270.3912847222,0,0,0,0,0,0,0,0,0,0,0,15.38,0,0,0,0,15.38,0,0,0,0,37728,372,0,0,0,37728,0,0,0,0,1.00986005089059,0,0,0,0,0,0,38100,37728,0,0,0,0,2719800,2337592,15.72,15.41,0,0,0,0,0,0,1.16350500857292
2018-06-19 09:24:00,<NIL>,SH600637,东方明珠,43270.3916666667,0,0,0,0,0,0,0,0,0,0,0,15.4,0,0,0,0,15.4,0,0,0,0,37828,172,0,0,0,37828,0,0,0,0,1.0045468964788,0,0,0,0,0,0,38000,37828,0,0,0,0,2757800,2375420,15.72,15.41,0,0,0,0,0,0,1.16097363834606
2018-06-19 09:24:03,<NIL>,SH600637,东方明珠,43270.3917013889,0,0,0,0,0,0,0,0,0,0,0,15.4,0,0,0,0,15.4,0,0,0,0,37828,372,0,0,0,37828,0,0,0,0,1.00983398540763,0,0,0,0,0,0,38200,37828,0,0,0,0,2796000,2413248,15.72,15.41,0,0,0,0,0,0,1.15860450314265
2018-06-19 09:24:09,<NIL>,SH600637,东方明珠,43270.3917708333,0,0,0,0,0,0,0,0,0,0,0,15.38,0,0,0,0,15.38,0,0,0,0,39328,2072,0,0,0,39328,0,0,0,0,1.0526851098454,0,0,0,0,0,0,41400,39328,0,0,0,0,2837400,2452576,15.72,15.41,0,0,0,0,0,0,1.15690604490952
2018-06-19 09:24:12,<NIL>,SH600637,东方明珠,43270.3918055556,0,0,0,0,0,0,0,0,0,0,0,15.38,0,0,0,0,15.38,0,0,0,0,39328,2572,0,0,0,39328,0,0,0,0,1.06539869812856,0,0,0,0,0,0,41900,39328,0,0,0,0,2879300,2491904,15.72,15.41,0,0,0,0,0,0,1.15546184764742
2018-06-19 09:24:18,<NIL>,SH600637,东方明珠,43270.391875,0,0,0,0,0,0,0,0,0,0,0,15.4,0,0,0,0,15.4,0,0,0,0,39428,4372,0,0,0,39428,0,0,0,0,1.11088566500964,0,0,0,0,0,0,43800,39428,0,0,0,0,2923100,2531332,15.72,15.41,0,0,0,0,0,0,1.1547675295062
2018-06-19 09:24:24,<NIL>,SH600637,东方明珠,43270.3919444444,0,0,0,0,0,0,0,0,0,0,0,15.41,0,0,0,0,15.41,0,0,0,0,39428,5472,0,0,0,39428,0,0,0,0,1.13878462006696,0,0,0,0,0,0,44900,39428,0,0,0,0,2968000,2570760,15.72,15.41,0,0,0,0,0,0,1.15452239804571
2018-06-19 09:24:27,<NIL>,SH600637,东方明珠,43270.3919791667,0,0,0,0,0,0,0,0,0,0,0,15.41,0,0,0,0,15.41,0,0,0,0,39428,7472,0,0,0,39428,0,0,0,0,1.18950999289845,0,0,0,0,0,0,46900,39428,0,0,0,0,3014900,2610188,15.72,15.41,0,0,0,0,0,0,1.15505090054816
2018-06-19 09:24:39,<NIL>,SH600637,东方明珠,43270.3921180556,0,0,0,0,0,0,0,0,0,0,0,15.41,0,0,0,0,15.41,0,0,0,0,48900,0,0,0,0,48900,6328,0,0,0,0.8854204389078,0,0,0,0,0,0,48900,55228,0,0,0,0,3063800,2665416,15.72,15.41,0,0,0,0,0,0,1.14946409866227
2018-06-19 09:24:42,<NIL>,SH600637,东方明珠,43270.3921527778,0,0,0,0,0,0,0,0,0,0,0,15.41,0,0,0,0,15.41,0,0,0,0,50400,0,0,0,0,50400,4828,0,0,0,0.912580575070616,0,0,0,0,0,0,50400,55228,0,0,0,0,3114200,2720644,15.72,15.41,0,0,0,0,0,0,1.14465545657572
2018-06-19 09:24:48,<NIL>,SH600637,东方明珠,43270.3922222222,0,0,0,0,0,0,0,0,0,0,0,15.41,0,0,0,0,15.41,0,0,0,0,55228,772,0,0,0,55228,0,0,0,0,1.01397841674513,0,0,0,0,0,0,56000,55228,0,0,0,0,3170200,2775872,15.72,15.41,0,0,0,0,0,0,1.14205554146589
2018-06-19 09:24:54,<NIL>,SH600637,东方明珠,43270.3922916667,0,0,0,0,0,0,0,0,0,0,0,15.41,0,0,0,0,15.41,0,0,0,0,55228,5772,0,0,0,55228,0,0,0,0,1.10451220395452,0,0,0,0,0,0,61000,55228,0,0,0,0,3231200,2831100,15.72,15.41,0,0,0,0,0,0,1.14132316060895
2018-06-19 09:25:00,<NIL>,SH600637,东方明珠,43270.3923611111,15.41,15.41,15.41,15.41,15.41,55228,851063,65,0,0,0,15.41,15.4,15.39,15.38,15.37,15.47,15.5,15.52,15.58,15.7,5772,13300,5000,3100,2300,4000,1000,100,600,1600,4.0372602739726,1.75332164764404,3,27614,425531.5,27614,425531.5,29472,7300,27614,425531.5,27614,425531.5,3260672,2838400,15.72,15.41,15.41,15.41,15.41,55228,851063,65,1.14877113866967
2018-06-19 09:30:01,<NIL>,SH600637,东方明珠,43270.3958449074,15.42,15.42,15.42,15.42,15.42,20800,320898,16,15.41,0,0,15.47,15.42,15.41,15.4,15.39,15.5,15.52,15.58,15.68,15.69,300,6300,14172,4700,5000,1000,100,600,3000,3500,3.71609756097561,2.413658618927,1,20800,320898,0,0,30472,8200,48414,746429.5,27614,425531.5,3291144,2846600,15.72,15.41,15.42,15.47,15.41,76028,1171961,81,1.15616665495679
2018-06-19 09:30:04,<NIL>,SH600637,东方明珠,43270.3958796296,15.3,15.3,15.3,15.3,15.3,138072,2117735,121,15.42,0,0,15.29,15.28,15.26,15.25,15.24,15.3,15.34,15.38,15.39,15.4,200,8500,100,6100,500,731028,284600,100,1700,2500,0.0150991050348652,6.79702615737915,2,0,0,138072,2117735,15400,1019928,48414,746429.5,165686,2543266.5,3306544,3866528,15.72,15.41,15.3,15.47,15.29,214100,3289696,202,0.855171357869386
2018-06-19 09:30:07,<NIL>,SH600637,东方明珠,43270.3959143519,15.3,15.3,15.3,15.3,15.3,22400,342720,8,15.3,0,0,15.29,15.28,15.27,15.26,15.25,15.3,15.34,15.38,15.39,15.4,200,8500,400,100,6100,708628,284600,100,1700,8000,0.0152538114589024,7.5081582069397,1,22400,342720,0,0,15300,1003028,70814,1089149.5,165686,2543266.5,3321844,4869556,15.72,15.41,15.3,15.47,15.29,236500,3632416,210,0.682165684099331
2018-06-19 09:30:09,<NIL>,SH600637,东方明珠,43270.3959375,15.3,15.3,15.3,15.3,15.3,11500,175945,6,15.3,0,0,15.28,15.27,15.26,15.25,15.24,15.29,15.3,15.34,15.38,15.39,8500,400,100,6100,500,200,697628,284600,100,1700,0.0158499859788586,7.87324857711792,1,11500,175945,0,0,15600,984228,82314,1265094.5,165686,2543266.5,3337444,5853784,15.72,15.41,15.3,15.47,15.29,248000,3808361,216,0.570134463451333
2018-06-19 09:30:13,<NIL>,SH600637,东方明珠,43270.3959837963,15.3,15.3,15.3,15.3,15.3,2800,42838,5,15.3,0,0,15.28,15.27,15.26,15.25,15.24,15.3,15.34,15.38,15.39,15.4,8500,400,100,6100,500,695028,284600,100,1700,8000,0.0157666853980279,7.96214008331299,1,2800,42838,0,0,15600,989428,85114,1307932.5,165686,2543266.5,3353044,6843212,15.72,15.41,15.3,15.47,15.29,250800,3851199,221,0.489981020608451
2018-06-19 09:30:14,<NIL>,SH600637,东方明珠,43270.3959953704,15.3,15.3,15.3,15.3,15.3,2300,35190,2,15.3,0,0,15.28,15.27,15.26,15.25,15.24,15.3,15.34,15.38,15.39,15.4,8500,400,100,6100,500,692728,284600,100,1700,8000,0.0158034216433938,8.03515815734863,1,2300,35190,0,0,15600,987128,87414,1343122.5,165686,2543266.5,3368644,7830340,15.72,15.41,15.3,15.47,15.29,253100,3886389,223,0.430204052442167
2018-06-19 09:30:19,<NIL>,SH600637,东方明珠,43270.3960532407,15.3,15.3,15.3,15.3,15.3,6300,96290,5,15.3,0,0,15.29,15.28,15.27,15.26,15.25,15.3,15.34,15.38,15.39,15.4,900,3500,400,100,6100,694828,284600,100,1700,8000,0.0111197822948805,8.23516368865967,1,6300,96290,0,0,11000,989228,93714,1439412.5,165686,2543266.5,3379644,8819568,15.72,15.41,15.3,15.47,15.28,259400,3982679,228,0.383198360736036
2018-06-19 09:30:22,<NIL>,SH600637,东方明珠,43270.396087963,15.28,15.28,15.28,15.28,15.28,4300,65713,3,15.3,0,0,15.28,15.27,15.26,15.25,15.24,15.3,15.34,15.38,15.39,15.4,100,400,2100,6100,500,694828,284600,100,1700,8000,0.0093001815557182,8.37167549133301,2,0,0,4300,65713,9200,989228,93714,1439412.5,169986,2608979.5,3388844,9808796,15.72,15.41,15.28,15.47,15.28,263700,4048392,231,0.345490312980309
2018-06-19 09:30:24,<NIL>,SH600637,东方明珠,43270.3961111111,15.28,15.28,15.28,15.28,15.28,0,0,0,15.28,0,0,15.28,15.27,15.26,15.25,15.24,15.29,15.3,15.34,15.38,15.39,100,400,2100,6100,500,1000,694828,284600,100,1700,0.00936646074027619,8.37167549133301,0,0,0,0,0,9200,982228,93714,1439412.5,169986,2608979.5,3398044,10791024,15.72,15.41,15.28,15.47,15.28,263700,4048392,231,0.31489541678343
2018-06-19 09:30:27,<NIL>,SH600637,东方明珠,43270.3961458333,15.29,15.29,15.29,15.29,15.29,600,9173,2,15.28,0,0,15.27,15.26,15.25,15.24,15.23,15.29,15.3,15.34,15.38,15.39,400,2100,6100,500,2200,500,694828,284600,100,1700,0.0115103165031455,8.39072418212891,1,600,9173,0,0,11300,981728,94314,1448585.5,169986,2608979.5,3409344,11772752,15.72,15.41,15.29,15.47,15.28,264300,4057565,233,0.289596179380998
2018-06-19 09:30:30,<NIL>,SH600637,东方明珠,43270.3961805556,15.27,15.27,15.27,15.27,15.27,1000,15277,3,15.29,0,0,15.26,15.25,15.24,15.23,15.22,15.27,15.29,15.3,15.34,15.38,2100,6100,500,2200,300,200,400,691428,284600,100,0.0114668566888632,8.42247104644775,2,0,0,1000,15277,11200,976728,94314,1448585.5,170986,2624256.5,3420544,12749480,15.72,15.41,15.27,15.47,15.27,265300,4072842,236,0.268288902763093
2018-06-19 09:30:34,<NIL>,SH600637,东方明珠,43270.3962268519,15.27,15.27,15.27,15.27,15.27,500,7635,2,15.27,0,0,15.26,15.25,15.24,15.23,15.22,15.27,15.29,15.3,15.34,15.38,2100,6100,500,2200,300,2100,400,691428,284600,100,0.0114445938599754,8.43834400177002,1,500,7635,0,0,11200,978628,94814,1456220.5,170986,2624256.5,3431744,13728108,15.72,15.41,15.27,15.47,15.27,265800,4080477,238,0.249979385360313
2018-06-19 09:30:37,<NIL>,SH600637,东方明珠,43270.3962615741,15.28,15.28,15.28,15.28,15.28,2700,41237,6,15.27,0,0,15.26,15.25,15.24,15.23,15.22,15.28,15.29,15.3,15.34,15.38,2100,6100,500,2200,300,1600,5200,691428,284600,100,0.0113945273712825,8.52406120300293,1,2700,41237,0,0,11200,982928,97514,1497457.5,170986,2624256.5,3442944,14711036,15.72,15.41,15.28,15.47,15.27,268500,4121714,244,0.234038173790072
2018-06-19 09:30:40,<NIL>,SH600637,东方明珠,43270.3962962963,15.26,15.26,15.26,15.26,15.26,3900,59531,6,15.28,0,0,15.25,15.24,15.23,15.22,15.21,15.26,15.27,15.28,15.29,15.3,6600,500,2200,300,1200,800,6200,1300,7200,691428,0.0152773691238712,8.64787483215332,2,0,0,3900,59531,10800,706928,97514,1497457.5,174886,2683787.5,3453744,15417964,15.72,15.41,15.26,15.47,15.26,272400,4181245,250,0.224007787279825
2018-06-19 09:30:42,<NIL>,SH600637,东方明珠,43270.3963194444,15.28,15.28,15.28,15.28,15.28,9100,138910,7,15.26,0,0,15.27,15.25,15.24,15.23,15.22,15.28,15.29,15.3,15.34,15.38,4100,4600,500,2200,1300,1200,7200,691428,284600,100,0.0128995823379325,8.93677139282227,1,9100,138910,0,0,12700,984528,106614,1636367.5,174886,2683787.5,3466444,16402492,15.72,15.41,15.28,15.47,15.25,281500,4320155,257,0.211336423758048
2018-06-19 09:30:46,<NIL>,SH600637,东方明珠,43270.3963657407,15.27,15.27,15.27,15.27,15.27,5300,80943,5,15.28,0,0,15.25,15.24,15.23,15.22,15.21,15.29,15.3,15.34,15.38,15.39,4600,500,2200,1300,1200,7200,691428,284600,100,2900,0.00993685030236416,9.10503101348877,2,0,0,5300,80943,9800,986228,106614,1636367.5,180186,2764730.5,3476244,17388720,15.72,15.41,15.27,15.47,15.25,286800,4401098,262,0.199913737181345
2018-06-19 09:30:49,<NIL>,SH600637,东方明珠,43270.396400463,15.24,15.24,15.24,15.24,15.24,5900,90002,6,15.27,0,0,15.23,15.22,15.21,15.2,15.18,15.24,15.29,15.3,15.34,15.38,2200,1300,1200,5500,16600,400,6400,691428,284600,100,0.0272654762098546,9.29233741760254,2,0,0,5900,90002,26800,982928,106614,1636367.5,186086,2854732.5,3503044,18371648,15.72,15.41,15.24,15.47,15.24,292700,4491100,268,0.190676633908945
2018-06-19 09:30:52,<NIL>,SH600637,东方明珠,43270.3964351852,15.27,15.27,15.27,15.27,15.27,3300,50358,5,15.24,0,0,15.26,15.23,15.22,15.21,15.2,15.27,15.29,15.3,15.34,15.38,100,2200,4300,1200,5500,800,6400,691428,284600,100,0.0135254970874418,9.39710330963135,1,3300,50358,0,0,13300,983328,109914,1686725.5,186086,2854732.5,3516344,19354976,15.72,15.41,15.27,15.47,15.24,296000,4541458,273,0.181676484641469
2018-06-19 09:30:55,<NIL>,SH600637,东方明珠,43270.3964699074,15.29,15.29,15.29,15.29,15.29,1600,24438,4,15.27,0,0,15.28,15.27,15.26,15.25,15.24,15.29,15.3,15.38,15.39,15.4,100,400,100,24300,3800,6100,691428,100,2900,2400,0.0408292172171261,9.44789791107178,1,1600,24438,0,0,28700,702928,111514,1711163.5,186086,2854732.5,3545044,20057904,15.72,15.41,15.29,15.47,15.24,297600,4565896,277,0.176740500901789
2018-06-19 09:30:57,<NIL>,SH600637,东方明珠,43270.3964930556,15.29,15.29,15.29,15.29,15.29,400,6116,1,15.29,0,0,15.28,15.27,15.26,15.25,15.24,15.29,15.3,15.38,15.39,15.4,1100,500,100,24300,3800,5700,691428,100,2900,2400,0.0424182381342808,9.46059703826904,1,400,6116,0,0,29800,702528,111914,1717279.5,186086,2854732.5,3574844,20760432,15.72,15.41,15.29,15.47,15.24,298000,4572012,278,0.172195068002438
2018-06-19 09:31:00,<NIL>,SH600637,东方明珠,43270.3965277778,15.28,15.28,15.28,15.28,15.28,5400,82556,6,15.29,0,0,15.28,15.27,15.26,15.25,15.24,15.3,15.38,15.39,15.4,15.41,100,800,100,24300,4800,691428,100,2900,2400,9000,0.0426449503278419,9.63203048706055,2,0,0,5400,82556,30100,705828,111914,1717279.5,191486,2937288.5,3604944,21466260,15.72,15.41,15.28,15.47,15.24,303400,4654568,284,0.167935355297103
2018-06-19 09:31:04,<NIL>,SH600637,东方明珠,43270.3965740741,15.25,15.25,15.25,15.25,15.25,10700,163219,8,15.28,0,0,15.25,15.24,15.23,15.22,15.21,15.28,15.3,15.38,15.39,15.4,15200,4800,2200,4600,1300,800,691428,100,2900,1900,0.0403082360771623,4.98586130142212,2,0,0,10700,163219,28100,697128,111914,1717279.5,202186,3100507.5,3633044,22163388,15.72,15.41,15.25,15.47,15.24,314100,4817787,292,0.163920967317813
2018-06-19 09:31:07,<NIL>,SH600637,东方明珠,43270.3966087963,15.28,15.28,15.28,15.28,15.28,1200,18324,3,15.25,0,0,15.29,15.25,15.24,15.23,15.22,15.3,15.38,15.39,15.4,15.41,100,14800,5000,2200,4600,691428,100,2900,1900,9000,0.0378547285801783,5.00490951538086,1,1200,18324,0,0,26700,705328,113114,1735603.5,202186,3100507.5,3659744,22868716,15.72,15.41,15.28,15.47,15.24,315300,4836111,295,0.160032771407017
2018-06-19 09:31:08,<NIL>,SH600637,东方明珠,43270.3966203704,15.29,15.29,15.29,15.29,15.29,100,1529,1,15.28,0,0,15.26,15.25,15.24,15.23,15.22,15.28,15.3,15.38,15.39,15.4,1000,14800,5000,2200,4600,600,691828,100,2900,2900,0.0395229748771351,5.00649690628052,2,0,0,100,1529,27600,698328,113114,1735603.5,202286,3102036.5,3687344,23567044,15.72,15.41,15.29,15.47,15.24,315400,4837640,296,0.156461879563682
2018-06-19 09:31:13,<NIL>,SH600637,东方明珠,43270.3966782407,15.3,15.3,15.3,15.3,15.3,1800,27528,3,15.29,0,0,15.29,15.26,15.25,15.24,15.23,15.3,15.38,15.39,15.4,15.41,1000,1000,14800,5000,2200,690628,100,2900,2900,9000,0.0340170765724394,5.03506946563721,1,1800,27528,0,0,24000,705528,114914,1763131.5,202286,3102036.5,3711344,24272572,15.72,15.41,15.3,15.47,15.24,317200,4865168,299,0.152902790853808
2018-06-19 09:31:15,<NIL>,SH600637,东方明珠,43270.3967013889,15.3,15.3,15.3,15.3,15.3,1200,18350,3,15.3,0,0,15.28,15.27,15.26,15.25,15.24,15.3,15.38,15.39,15.4,15.41,3100,400,1300,14800,5000,688928,100,2900,2400,9000,0.0349765685426999,5.05411767959595,1,1200,18350,0,0,24600,703328,116114,1781481.5,202286,3102036.5,3735944,24975900,15.72,15.41,15.3,15.47,15.24,318400,4883518,302,0.149581957006554
2018-06-19 09:31:19,<NIL>,SH600637,东方明珠,43270.3967476852,15.28,15.28,15.28,15.28,15.28,6000,91740,2,15.3,0,0,15.28,15.27,15.26,15.25,15.24,15.3,15.32,15.38,15.39,15.4,100,400,3300,15100,4000,685928,1000,100,2900,2400,0.033076807524757,5.14935827255249,2,0,0,6000,91740,22900,692328,116114,1781481.5,208286,3193776.5,3758844,25668228,15.72,15.41,15.28,15.47,15.24,324400,4975258,304,0.146439559442903
2018-06-19 09:31:22,<NIL>,SH600637,东方明珠,43270.3967824074,15.3,15.3,15.3,15.3,15.3,1000,15300,2,15.28,0,0,15.28,15.27,15.26,15.25,15.24,15.3,15.32,15.38,15.39,15.4,100,400,15300,15100,4000,684928,1000,100,2900,2400,0.0504825495278652,5.16523170471191,1,1000,15300,0,0,34900,691328,117114,1796781.5,208286,3193776.5,3793744,26359556,15.72,15.41,15.3,15.47,15.24,325400,4990558,306,0.143922909778905
2018-06-19 09:31:25,<NIL>,SH600637,东方明珠,43270.3968171296,15.3,15.3,15.3,15.3,15.3,400,6120,1,15.3,0,0,15.28,15.27,15.26,15.25,15.24,15.3,15.32,15.38,15.39,15.4,100,400,15300,15100,4000,684528,1000,100,2900,2400,0.0505117754671977,5.17158126831055,1,400,6120,0,0,34900,690928,117514,1802901.5,208286,3193776.5,3828644,27050484,15.72,15.41,15.3,15.47,15.24,325800,4996678,307,0.141536986916759
2018-06-19 09:31:28,<NIL>,SH600637,东方明珠,43270.3968518519,15.3,15.3,15.3,15.3,15.3,0,0,0,15.3,0,0,15.28,15.27,15.26,15.25,15.24,15.3,15.32,15.38,15.39,15.4,2400,6700,15300,15100,2000,684528,1000,100,2900,2400,0.0600641456128569,5.17158126831055,0,0,0,0,0,41500,690928,117514,1802901.5,208286,3193776.5,3870144,27741412,15.72,15.41,15.3,15.47,15.24,325800,4996678,307,0.139507823177854
2018-06-19 09:31:31,<NIL>,SH600637,东方明珠,43270.3968865741,15.27,15.27,15.27,15.27,15.27,5800,88650,7,15.3,0,0,15.27,15.26,15.25,15.24,15.23,15.3,15.32,15.38,15.39,15.4,5300,15300,300,2000,2200,682528,1000,100,2900,2400,0.0364334153931906,5.26364755630493,2,0,0,5800,88650,25100,688928,117514,1802901.5,214086,3282426.5,3895244,28430340,15.72,15.41,15.27,15.47,15.24,331600,5085328,314,0.137010109622326
2018-06-19 09:31:32,<NIL>,SH600637,东方明珠,43270.3968981481,15.3,15.3,15.3,15.3,15.3,5700,87165,5,15.27,0,0,15.27,15.26,15.25,15.24,15.23,15.3,15.32,15.38,15.39,15.4,3900,15600,300,2000,2200,678328,1000,100,2900,2400,0.0350504141790609,5.35412645339966,1,5700,87165,0,0,24000,684728,123214,1890066.5,214086,3282426.5,3919244,29115068,15.72,15.41,15.3,15.47,15.24,337300,5172493,319,0.134612222097506
2018-06-19 09:31:37,<NIL>,SH600637,东方明珠,43270.3969560185,15.28,15.28,15.28,15.28,15.28,500,7646,2,15.3,0,0,15.28,15.27,15.26,15.25,15.24,15.3,15.32,15.38,15.39,15.4,300,3900,15600,300,2000,678128,1000,100,2900,2400,0.0322850197508356,5.36206293106079,1,500,7646,0,0,22100,684528,123714,1897712.5,214086,3282426.5,3941344,29799596,15.72,15.41,15.28,15.47,15.24,337800,5180139,321,0.132261658849335
2018-06-19 09:31:39,<NIL>,SH600637,东方明珠,43270.3969791667,15.3,15.3,15.3,15.3,15.3,20500,313640,3,15.28,0,0,15.28,15.27,15.26,15.25,15.24,15.3,15.38,15.39,15.4,15.41,900,7900,5600,300,2000,658128,100,2900,2400,1300,0.0251192789714031,5.68746948242188,1,20500,313640,0,0,16700,664828,144214,2211352.5,214086,3282426.5,3958044,30464424,15.72,15.41,15.3,15.47,15.24,358300,5493779,324,0.129923480581809
2018-06-19 09:31:43,<NIL>,SH600637,东方明珠,43270.397025463,15.3,15.3,15.3,15.3,15.3,10600,162180,6,15.3,0,0,15.28,15.27,15.26,15.25,15.24,15.3,15.38,15.39,15.4,15.41,1400,9900,4600,300,2000,647528,100,2900,2400,1300,0.0278190477937355,5.85572862625122,1,10600,162180,0,0,18200,654228,154814,2373532.5,214086,3282426.5,3976244,31118652,15.72,15.41,15.3,15.47,15.24,368900,5655959,330,0.127776871568858
2018-06-19 09:31:46,<NIL>,SH600637,东方明珠,43270.3970601852,15.3,15.3,15.3,15.3,15.3,3500,53550,3,15.3,0,0,15.28,15.27,15.26,15.25,15.24,15.3,15.38,15.39,15.4,15.41,1400,10900,4600,300,2000,644028,100,2900,2400,1300,0.0295054154731316,5.91128587722778,1,3500,53550,0,0,19200,650728,158314,2427082.5,214086,3282426.5,3995444,31769380,15.72,15.41,15.3,15.47,15.24,372400,5709509,333,0.125763990358011
2018-06-19 09:31:49,<NIL>,SH600637,东方明珠,43270.3970949074,15.3,15.3,15.3,15.3,15.3,2600,39780,4,15.3,0,0,15.28,15.27,15.26,15.25,15.24,15.3,15.38,15.39,15.4,15.41,1400,11200,4800,400,2000,641428,100,2900,2400,1300,0.0305495210822554,5.95255661010742,1,2600,39780,0,0,19800,648128,160914,2466862.5,214086,3282426.5,4015244,32417508,15.72,15.41,15.3,15.47,15.24,375000,5749289,337,0.12386035348553
2018-06-19 09:31:52,<NIL>,SH600637,东方明珠,43270.3971296296,15.3,15.3,15.3,15.3,15.3,8800,134634,4,15.3,0,0,15.28,15.27,15.26,15.25,15.24,15.3,15.38,15.39,15.4,15.41,1600,11200,4800,400,2000,632928,100,2900,2400,1300,0.0312681746265017,6.09224319458008,1,8800,134634,0,0,20000,639628,169714,2601496.5,214086,3282426.5,4035244,33057136,15.72,15.41,15.3,15.47,15.24,383800,5883923,341,0.122068772079953
2018-06-19 09:31:55,<NIL>,SH600637,东方明珠,43270.3971643519,15.3,15.3,15.3,15.3,15.3,2300,35154,7,15.3,0,0,15.3,15.28,15.27,15.26,15.25,15.38,15.39,15.4,15.41,15.42,1500,3700,11200,4800,400,100,2900,2400,1300,500,3,6.1287522315979,1,2300,35154,0,0,21600,7200,172014,2636650.5,214086,3282426.5,4056844,33064336,15.72,15.41,15.3,15.47,15.24,386100,5919077,348,0.122695462567281
2018-06-19 09:31:58,<NIL>,SH600637,东方明珠,43270.3971990741,15.3,15.3,15.3,15.3,15.3,0,0,0,15.3,0,0,15.3,15.28,15.27,15.26,15.25,15.38,15.39,15.4,15.41,15.42,1800,3700,11700,4800,400,100,2900,2400,1300,500,3.11111111111111,6.1287522315979,0,0,0,0,0,22400,7200,172014,2636650.5,214086,3282426.5,4079244,33071536,15.72,15.41,15.3,15.47,15.24,386100,5919077,348,0.123346070167409
2018-06-19 09:31:59,<NIL>,SH600637,东方明珠,43270.3972106481,15.39,15.39,15.39,15.39,15.39,400,6155,2,15.3,0,0,15.3,15.28,15.27,15.26,15.25,15.39,15.4,15.41,15.42,15.48,12800,4700,11700,2800,400,2600,2400,1300,500,500,4.43835616438356,6.13510179519653,1,400,6155,0,0,32400,7300,172414,2642805.5,214086,3282426.5,4111644,33078836,15.72,15.41,15.39,15.47,15.24,386500,5925232,350,0.124298327788801
2018-06-19 09:32:03,<NIL>,SH600637,东方明珠,43270.3972569444,15.3,15.3,15.3,15.3,15.3,17400,266256,9,15.39,0,0,15.29,15.28,15.27,15.26,15.25,15.3,15.39,15.4,15.41,15.42,2600,5500,11700,2800,400,5000,2200,2400,1300,500,2.01754385964912,4.27420043945313,2,0,0,17400,266256,23000,11400,172414,2642805.5,231486,3548682.5,4134644,33090236,15.72,15.41,15.3,15.47,15.24,403900,6191488,359,0.124950574544104
2018-06-19 09:32:06,<NIL>,SH600637,东方明珠,43270.3972916667,15.39,15.39,15.39,15.39,15.39,5400,82656,3,15.3,0,0,15.31,15.3,15.29,15.28,15.27,15.39,15.4,15.41,15.42,15.48,25700,10000,2600,5500,11700,1800,2400,1300,500,500,8.53846153846154,4.33134460449219,1,5400,82656,0,0,55500,6500,177814,2725461.5,231486,3548682.5,4190144,33096736,15.72,15.41,15.39,15.47,15.24,409300,6274144,362,0.126602937522298
2018-06-19 09:32:09,<NIL>,SH600637,东方明珠,43270.3973263889,15.39,15.39,15.39,15.39,15.39,500,7679,2,15.39,0,0,15.31,15.3,15.29,15.28,15.27,15.39,15.4,15.41,15.42,15.48,26700,10000,2600,11000,11700,1500,2400,1300,500,500,10,4.33663606643677,1,500,7679,0,0,62000,6200,178314,2733140.5,231486,3548682.5,4252144,33102936,15.72,15.41,15.39,15.47,15.24,409800,6281823,364,0.128452171130682
2018-06-19 09:32:13,<NIL>,SH600637,东方明珠,43270.3973726852,15.41,15.41,15.41,15.41,15.41,5200,80058,8,15.39,0,0,15.31,15.3,15.29,15.28,15.27,15.41,15.42,15.48,15.5,15.52,26500,12000,2600,11500,11400,200,500,500,2500,100,16.8421052631579,4.39166402816772,1,5200,80058,0,0,64000,3800,183514,2813198.5,231486,3548682.5,4316144,33106736,15.72,15.41,15.41,15.47,15.24,415000,6361881,372,0.130370568696352
2018-06-19 09:32:16,<NIL>,SH600637,东方明珠,43270.3974074074,15.41,15.41,15.41,15.41,15.41,0,0,0,15.41,0,0,15.39,15.32,15.31,15.3,15.29,15.41,15.42,15.48,15.5,15.52,400,5500,26500,12000,2600,200,500,500,2500,100,12.3684210526316,4.39166402816772,0,0,0,0,0,47000,3800,183514,2813198.5,231486,3548682.5,4363144,33110536,15.72,15.41,15.41,15.47,15.24,415000,6361881,372,0.131775094187542
2018-06-19 09:32:19,<NIL>,SH600637,东方明珠,43270.3974421296,15.41,15.41,15.41,15.41,15.41,0,0,0,15.41,0,0,15.39,15.35,15.32,15.31,15.3,15.41,15.42,15.48,15.5,15.52,1200,500,17800,26500,7000,200,500,500,2500,100,13.9473684210526,4.39166402816772,0,0,0,0,0,53000,3800,183514,2813198.5,231486,3548682.5,4416144,33114336,15.72,15.41,15.41,15.47,15.24,415000,6361881,372,0.133360487735584
2018-06-19 09:32:21,<NIL>,SH600637,东方明珠,43270.3974652778,15.39,15.39,15.39,15.39,15.39,300,4621,2,15.41,0,0,15.4,15.39,15.35,15.33,15.32,15.42,15.48,15.5,15.52,15.57,200,1100,500,5000,19900,500,500,2500,100,1000,5.80434782608696,4.39483880996704,2,0,0,300,4621,26700,4600,183514,2813198.5,231786,3553303.5,4442844,33118936,15.72,15.41,15.39,15.47,15.24,415300,6366502,374,0.134148150170042
2018-06-19 09:32:24,<NIL>,SH600637,东方明珠,43270.3975,15.4,15.4,15.4,15.4,15.4,1300,20032,3,15.39,0,0,15.4,15.39,15.36,15.35,15.33,15.42,15.46,15.48,15.5,15.52,100,1100,600,500,5000,500,500,500,2400,100,1.825,4.4085955619812,2,0,0,1300,20032,7300,4000,183514,2813198.5,233086,3573335.5,4450144,33122936,15.72,15.41,15.4,15.47,15.24,416600,6386534,377,0.134352341229654
2018-06-19 09:32:27,<NIL>,SH600637,东方明珠,43270.3975347222,15.39,15.39,15.39,15.39,15.39,2200,33879,5,15.4,0,0,15.36,15.35,15.33,15.32,15.31,15.39,15.46,15.48,15.5,15.52,600,500,7000,16900,27000,28300,500,500,2400,300,1.625,4.43187665939331,2,0,0,2200,33879,52000,32000,183514,2813198.5,235286,3607214.5,4502144,33154936,15.72,15.41,15.39,15.47,15.24,418800,6420413,382,0.135791062905385
2018-06-19 09:32:31,<NIL>,SH600637,东方明珠,43270.3975810185,15.39,15.39,15.39,15.39,15.39,3900,59975,5,15.39,0,0,15.35,15.33,15.32,15.31,15.3,15.39,15.45,15.46,15.47,15.48,4800,7000,16900,30600,8000,25700,1000,500,3100,500,2.18506493506494,4.47314786911011,1,3900,59975,0,0,67300,30800,187414,2873173.5,235286,3607214.5,4569444,33185736,15.72,15.41,15.39,15.47,15.24,422700,6480388,387,0.137693013648997
2018-06-19 09:32:34,<NIL>,SH600637,东方明珠,43270.3976157407,15.39,15.39,15.39,15.39,15.39,1300,20007,3,15.39,0,0,15.35,15.33,15.32,15.31,15.3,15.39,15.4,15.45,15.46,15.47,4800,7000,16900,30600,8000,24500,600,1000,500,3100,2.26599326599327,4.48690509796143,1,1300,20007,0,0,67300,29700,188714,2893180.5,235286,3607214.5,4636744,33215436,15.72,15.41,15.39,15.47,15.24,424000,6500395,390,0.139596060096878
2018-06-19 09:32:37,<NIL>,SH600637,东方明珠,43270.397650463,15.39,15.39,15.39,15.39,15.39,0,0,0,15.39,0,0,15.35,15.33,15.32,15.31,15.3,15.39,15.4,15.45,15.46,15.47,4800,7000,16900,30600,8100,24500,700,1000,500,3100,2.26174496644295,4.48690509796143,0,0,0,0,0,67400,29800,188714,2893180.5,235286,3607214.5,4704144,33245236,15.72,15.41,15.39,15.47,15.24,424000,6500395,390,0.141498288657058
2018-06-19 09:32:40,<NIL>,SH600637,东方明珠,43270.3976851852,15.39,15.39,15.39,15.39,15.39,0,0,0,15.39,0,0,15.35,15.33,15.32,15.31,15.3,15.39,15.4,15.45,15.46,15.47,4800,7000,16900,30400,8800,24500,800,1000,500,3100,2.27090301003344,4.48690509796143,0,0,0,0,0,67900,29900,188714,2893180.5,235286,3607214.5,4772044,33275136,15.72,15.41,15.39,15.47,15.24,424000,6500395,390,0.14341170536463
2018-06-19 09:32:43,<NIL>,SH600637,东方明珠,43270.3977199074,15.39,15.39,15.39,15.39,15.39,0,0,0,15.39,0,0,15.35,15.33,15.32,15.31,15.3,15.39,15.4,15.45,15.46,15.47,4800,7500,16900,30400,8800,24500,800,1000,500,3100,2.2876254180602,4.48690509796143,0,0,0,0,0,68400,29900,188714,2893180.5,235286,3607214.5,4840444,33305036,15.72,15.41,15.39,15.47,15.24,424000,6500395,390,0.145336699230711
2018-06-19 09:32:46,<NIL>,SH600637,东方明珠,43270.3977546296,15.39,15.39,15.39,15.39,15.39,3100,47649,3,15.39,0,0,15.35,15.33,15.32,15.31,15.3,15.39,15.4,15.45,15.46,15.47,3300,7600,16900,18600,8800,22900,900,1000,500,3100,1.94366197183099,4.51971006393433,1,3100,47649,0,0,55200,28400,191814,2940829.5,235286,3607214.5,4895644,33333436,15.72,15.41,15.39,15.47,15.24,427100,6548044,393,0.146868867643888
2018-06-19 09:32:49,<NIL>,SH600637,东方明珠,43270.3977893519,15.39,15.39,15.39,15.39,15.39,0,0,0,15.39,0,0,15.36,15.35,15.34,15.33,15.32,15.39,15.4,15.45,15.46,15.47,1100,3800,1400,7600,18300,22900,900,500,500,3100,1.15412186379928,4.51971006393433,0,0,0,0,0,32200,27900,191814,2940829.5,235286,3607214.5,4927844,33361336,15.72,15.41,15.39,15.47,15.24,427100,6548044,393,0.147711230749272
2018-06-19 09:32:50,<NIL>,SH600637,东方明珠,43270.3978009259,15.38,15.38,15.38,15.38,15.38,500,7690,1,15.39,0,0,15.38,15.36,15.35,15.34,15.33,15.39,15.4,15.46,15.47,15.48,200,1100,3800,1400,7600,22900,900,2500,3100,1500,0.45631067961165,4.52500152587891,1,500,7690,0,0,14100,30900,192314,2948519.5,235286,3607214.5,4941944,33392236,15.72,15.41,15.38,15.47,15.24,427600,6555734,394,0.147996797818511
2018-06-19 09:32:54,<NIL>,SH600637,东方明珠,43270.3978472222,15.37,15.37,15.37,15.37,15.37,1500,23057,3,15.38,0,0,15.36,15.35,15.33,15.32,15.31,15.37,15.39,15.4,15.44,15.46,1100,3800,7600,8300,18600,11400,22900,900,1000,2500,1.01808785529716,4.54087495803833,2,0,0,1500,23057,39400,38700,192314,2948519.5,236786,3630271.5,4981344,33430936,15.72,15.41,15.37,15.47,15.24,429100,6578791,397,0.149004024296538
2018-06-19 09:32:57,<NIL>,SH600637,东方明珠,43270.3978819444,15.37,15.37,15.37,15.37,15.37,3600,55332,2,15.37,0,0,15.36,15.35,15.33,15.32,15.31,15.37,15.39,15.4,15.44,15.46,1100,3800,10600,8300,18600,7800,22900,900,1000,2500,1.20797720797721,4.57897138595581,1,3600,55332,0,0,42400,35100,195914,3003851.5,236786,3630271.5,5023744,33466036,15.72,15.41,15.37,15.47,15.24,432700,6634123,399,0.150114701364691
2018-06-19 09:33:02,<NIL>,SH600637,东方明珠,43270.3979398148,15.37,15.37,15.37,15.37,15.37,7800,119886,1,15.37,0,0,15.36,15.35,15.33,15.32,15.31,15.38,15.39,15.4,15.44,15.46,1100,3800,10600,6900,18600,6700,22900,900,1000,2500,1.20588235294118,3.49613499641418,1,7800,119886,0,0,41000,34000,203714,3123737.5,236786,3630271.5,5064744,33500036,15.72,15.41,15.37,15.47,15.24,440500,6754009,400,0.151186225590922
2018-06-19 09:33:07,<NIL>,SH600637,东方明珠,43270.3979976852,15.38,15.38,15.38,15.38,15.38,400,6150,2,15.37,0,0,15.37,15.36,15.35,15.33,15.32,15.38,15.39,15.4,15.44,15.46,900,2000,3800,10600,6400,6400,22900,2200,1000,2500,0.677142857142857,3.4993097782135,1,400,6150,0,0,23700,35000,204114,3129887.5,236786,3630271.5,5088444,33535036,15.72,15.41,15.38,15.47,15.24,440900,6760159,402,0.151735158417602
2018-06-19 09:33:08,<NIL>,SH600637,东方明珠,43270.3980092593,15.37,15.37,15.37,15.37,15.37,500,7685,2,15.38,0,0,15.37,15.36,15.35,15.33,15.32,15.38,15.39,15.4,15.44,15.46,400,3100,3800,10600,6400,6400,22900,2200,1000,2500,0.694285714285714,3.50327801704407,2,0,0,500,7685,24300,35000,204114,3129887.5,237286,3637956.5,5112744,33570036,15.72,15.41,15.37,15.47,15.24,441400,6767844,404,0.152300819695278
2018-06-19 09:33:11,<NIL>,SH600637,东方明珠,43270.3980439815,15.37,15.37,15.37,15.37,15.37,0,0,0,15.37,0,0,15.37,15.36,15.35,15.33,15.32,15.38,15.39,15.4,15.46,15.47,900,3100,3800,10600,6400,6400,22900,2200,2500,3100,0.668463611859838,3.50327801704407,0,0,0,0,0,24800,37100,204114,3129887.5,237286,3637956.5,5137544,33607136,15.72,15.41,15.37,15.47,15.24,441400,6767844,404,0.152870628428439
2018-06-19 09:33:15,<NIL>,SH600637,东方明珠,43270.3980902778,15.38,15.38,15.38,15.38,15.38,4700,72286,3,15.37,0,0,15.37,15.36,15.35,15.33,15.32,15.38,15.39,15.4,15.46,15.47,4800,3100,3800,10600,6400,1700,22900,2200,2500,3100,0.885802469135802,3.54058074951172,1,4700,72286,0,0,28700,32400,208814,3202173.5,237286,3637956.5,5166244,33639536,15.72,15.41,15.38,15.47,15.24,446100,6840130,407,0.153576553493485
2018-06-19 09:33:19,<NIL>,SH600637,东方明珠,43270.3981365741,15.38,15.38,15.38,15.38,15.38,1300,19993,3,15.38,0,0,15.37,15.36,15.35,15.33,15.32,15.38,15.39,15.4,15.42,15.46,4700,3100,3800,10100,4400,500,22900,2200,5300,2500,0.781437125748503,3.55089855194092,1,1300,19993,0,0,26100,33400,210114,3222166.5,237286,3637956.5,5192344,33672936,15.72,15.41,15.38,15.47,15.24,447400,6860123,410,0.15419932494155
2018-06-19 09:33:21,<NIL>,SH600637,东方明珠,43270.3981597222,15.38,15.38,15.38,15.38,15.38,500,7690,1,15.38,0,0,15.38,15.37,15.36,15.35,15.33,15.39,15.4,15.42,15.46,15.47,300,4700,3100,3800,10100,22900,2200,5300,2500,3100,0.611111111111111,3.55486679077148,1,500,7690,0,0,22000,36000,210614,3229856.5,237286,3637956.5,5214344,33708936,15.72,15.41,15.38,15.47,15.24,447900,6867813,411,0.154687291227466
2018-06-19 09:33:24,<NIL>,SH600637,东方明珠,43270.3981944444,15.38,15.38,15.38,15.38,15.38,500,7690,2,15.38,0,0,15.38,15.37,15.36,15.35,15.33,15.39,15.4,15.42,15.46,15.47,900,4700,3100,5800,10100,22900,2200,5300,2500,3100,0.683333333333333,3.55883526802063,2,0,0,500,7690,24600,36000,210614,3229856.5,237786,3645646.5,5238944,33744936,15.72,15.41,15.38,15.47,15.24,448400,6875503,413,0.155251264960171
2018-06-19 09:33:27,<NIL>,SH600637,东方明珠,43270.3982291667,15.38,15.38,15.38,15.38,15.38,0,0,0,15.38,0,0,15.38,15.37,15.36,15.35,15.33,15.39,15.4,15.42,15.46,15.47,900,5200,3100,5800,8100,22900,2200,5300,2500,3100,0.641666666666667,3.55883526802063,0,0,0,0,0,23100,36000,210614,3229856.5,237786,3645646.5,5262044,33780936,15.72,15.41,15.38,15.47,15.24,448400,6875503,413,0.155769632907744
2018-06-19 09:33:30,<NIL>,SH600637,东方明珠,43270.3982638889,15.37,15.37,15.37,15.37,15.37,2100,32286,6,15.38,0,0,15.37,15.36,15.35,15.33,15.32,15.39,15.4,15.42,15.45,15.46,4000,3100,5800,8100,4400,22900,900,5300,1000,2500,0.779141104294479,3.57550239562988,2,0,0,2100,32286,25400,32600,210614,3229856.5,239886,3677932.5,5287444,33813536,15.72,15.41,15.37,15.47,15.24,450500,6907789,419,0.156370632163403
2018-06-19 09:33:33,<NIL>,SH600637,东方明珠,43270.3982986111,15.37,15.37,15.37,15.37,15.37,0,0,0,15.37,0,0,15.37,15.36,15.35,15.33,15.32,15.39,15.4,15.42,15.45,15.46,5000,3100,5800,8100,4400,22900,900,5300,1000,2500,0.809815950920245,3.57550239562988,0,0,0,0,0,26400,32600,210614,3229856.5,239886,3677932.5,5313844,33846136,15.72,15.41,15.37,15.47,15.24,450500,6907789,419,0.157000019145465
2018-06-19 09:33:36,<NIL>,SH600637,东方明珠,43270.3983333333,15.39,15.39,15.39,15.39,15.39,1600,24624,2,15.37,0,0,15.37,15.36,15.35,15.33,15.32,15.39,15.4,15.42,15.45,15.46,5000,3100,5800,8100,4400,21300,900,5300,1000,2500,0.851612903225806,3.58820128440857,1,1600,24624,0,0,26400,31000,212214,3254480.5,239886,3677932.5,5340244,33877136,15.72,15.41,15.39,15.47,15.24,452100,6932413,421,0.157635639565281
2018-06-19 09:33:40,<NIL>,SH600637,东方明珠,43270.3983796296,15.38,15.38,15.38,15.38,15.38,1100,16908,2,15.39,0,0,15.38,15.37,15.36,15.35,15.33,15.39,15.4,15.42,15.45,15.46,2400,4000,3100,5800,8100,21300,900,5300,1000,2500,0.754838709677419,3.59693169593811,1,1100,16908,0,0,23400,31000,213314,3271388.5,239886,3677932.5,5363644,33908136,15.72,15.41,15.38,15.47,15.24,453200,6949321,423,0.158181623431026
2018-06-19 09:33:41,<NIL>,SH600637,东方明珠,43270.3983912037,15.39,15.39,15.39,15.39,15.39,1400,21546,2,15.38,0,0,15.38,15.37,15.36,15.35,15.33,15.39,15.4,15.42,15.45,15.46,2400,4000,3100,6000,8100,19900,900,5300,1000,2500,0.797297297297297,3.60804295539856,1,1400,21546,0,0,23600,29600,214714,3292934.5,239886,3677932.5,5387244,33937736,15.72,15.41,15.39,15.47,15.24,454600,6970867,425,0.158739050831205
2018-06-19 09:33:46,<NIL>,SH600637,东方明珠,43270.3984490741,15.38,15.38,15.38,15.38,15.38,2100,32318,2,15.39,0,0,15.38,15.37,15.36,15.35,15.33,15.39,15.4,15.42,15.45,15.46,2300,4000,3100,6000,8100,20900,900,5300,1000,2500,0.76797385620915,3.62471008300781,2,0,0,2100,32318,23500,30600,214714,3292934.5,241986,3710250.5,5410744,33968336,15.72,15.41,15.38,15.47,15.24,456700,7003185,427,0.159287873271155
2018-06-19 09:33:47,<NIL>,SH600637,东方明珠,43270.3984606481,15.38,15.38,15.38,15.38,15.38,2300,35374,1,15.38,0,0,15.37,15.36,15.35,15.33,15.32,15.38,15.39,15.4,15.42,15.45,3000,3100,6000,8100,4400,7700,20900,900,5300,1000,0.687150837988827,3.64296460151672,2,0,0,2300,35374,24600,35800,214714,3292934.5,244286,3745624.5,5435344,34004136,15.72,15.41,15.38,15.47,15.24,459000,7038559,428,0.159843614317976
2018-06-19 09:33:54,<NIL>,SH600637,东方明珠,43270.3985416667,15.38,15.38,15.38,15.38,15.38,700,10766,1,15.38,0,0,15.37,15.36,15.35,15.33,15.32,15.38,15.39,15.4,15.42,15.45,3000,3100,6000,8100,4400,7000,21200,900,5300,1000,0.694915254237288,3.64852046966553,1,700,10766,0,0,24600,35400,215414,3303700.5,244286,3745624.5,5459944,34039536,15.72,15.41,15.38,15.47,15.24,459700,7049325,429,0.160400071258316
2018-06-19 09:33:57,<NIL>,SH600637,东方明珠,43270.3985763889,15.37,15.37,15.37,15.37,15.37,800,12296,1,15.38,0,0,15.37,15.36,15.35,15.33,15.32,15.38,15.39,15.4,15.42,15.45,2200,3100,6000,8100,4400,7000,21200,900,5300,1000,0.672316384180791,3.65486979484558,2,0,0,800,12296,23800,35400,215414,3303700.5,245086,3757920.5,5483744,34074936,15.72,15.41,15.37,15.47,15.24,460500,7061621,430,0.160931894340168
2018-06-19 09:34:00,<NIL>,SH600637,东方明珠,43270.3986111111,15.37,15.37,15.37,15.37,15.37,0,0,0,15.37,0,0,15.37,15.36,15.35,15.33,15.32,15.38,15.39,15.4,15.42,15.45,2200,3100,6000,8100,4700,7000,21200,900,5300,1000,0.680790960451977,3.65486979484558,0,0,0,0,0,24100,35400,215414,3303700.5,245086,3757920.5,5507844,34110336,15.72,15.41,15.37,15.47,15.24,460500,7061621,430,0.16147140854901
2018-06-19 09:34:03,<NIL>,SH600637,东方明珠,43270.3986458333,15.38,15.38,15.38,15.38,15.38,3900,59952,5,15.37,0,0,15.36,15.35,15.33,15.32,15.31,15.38,15.39,15.4,15.42,15.45,3100,6000,8100,4700,12000,6100,21200,900,5300,1000,0.982608695652174,2.94865846633911,1,3900,59952,0,0,33900,34500,219314,3363652.5,245086,3757920.5,5541744,34144836,15.72,15.41,15.38,15.47,15.24,464400,7121573,435,0.162301087051641
2018-06-19 09:34:06,<NIL>,SH600637,东方明珠,43270.3986805556,15.38,15.38,15.38,15.38,15.38,0,0,0,15.38,0,0,15.37,15.36,15.35,15.33,15.32,15.38,15.39,15.4,15.42,15.45,1200,3100,7000,8100,4700,6600,21200,900,5300,1000,0.688571428571429,2.94865846633911,0,0,0,0,0,24100,35000,219314,3363652.5,245086,3757920.5,5565844,34179836,15.72,15.41,15.38,15.47,15.24,464400,7121573,435,0.162839985540013
2018-06-19 09:34:09,<NIL>,SH600637,东方明珠,43270.3987152778,15.38,15.38,15.38,15.38,15.38,500,7690,1,15.38,0,0,15.37,15.36,15.35,15.33,15.32,15.38,15.39,15.4,15.42,15.46,1200,3100,7000,8100,4700,6100,21200,900,5300,2500,0.669444444444444,2.95183324813843,1,500,7690,0,0,24100,36000,219814,3371342.5,245086,3757920.5,5589944,34215836,15.72,15.41,15.38,15.47,15.24,464900,7129263,436,0.163373006580929
2018-06-19 09:34:11,<NIL>,SH600637,东方明珠,43270.3987384259,15.38,15.38,15.38,15.38,15.38,500,7690,1,15.38,0,0,15.37,15.36,15.35,15.33,15.32,15.38,15.39,15.4,15.42,15.46,1200,3100,7000,8100,4700,5600,21200,900,5300,2500,0.67887323943662,2.95500779151916,1,500,7690,0,0,24100,35500,220314,3379032.5,245086,3757920.5,5614044,34251336,15.72,15.41,15.38,15.47,15.24,465400,7136953,437,0.163907299849559
2018-06-19 09:34:13,<NIL>,SH600637,东方明珠,43270.3987615741,15.37,15.37,15.37,15.37,15.37,300,4611,2,15.38,0,0,15.37,15.36,15.35,15.33,15.32,15.38,15.39,15.4,15.42,15.46,1400,3100,7000,8100,4700,5600,21200,900,5300,2500,0.684507042253521,2.95691275596619,2,0,0,300,4611,24300,35500,220314,3379032.5,245386,3762531.5,5638344,34286836,15.72,15.41,15.37,15.47,15.24,465700,7141564,439,0.164446319864568
2018-06-19 09:34:17,<NIL>,SH600637,东方明珠,43270.3988078704,15.38,15.38,15.38,15.38,15.38,1100,16918,1,15.37,0,0,15.37,15.36,15.35,15.33,15.32,15.38,15.39,15.4,15.42,15.46,1400,3100,7000,8100,4700,4600,21200,900,5300,2500,0.704347826086957,2.96389698982239,1,1100,16918,0,0,24300,34500,221414,3395950.5,245386,3762531.5,5662644,34321336,15.72,15.41,15.38,15.47,15.24,466800,7158482,440,0.164989031895495
2018-06-19 09:34:20,<NIL>,SH600637,东方明珠,43270.3988425926,15.38,15.38,15.38,15.38,15.38,0,0,0,15.38,0,0,15.37,15.36,15.35,15.33,15.32,15.38,15.39,15.4,15.42,15.46,2300,3100,7000,8100,4700,4600,21200,900,5300,2500,0.730434782608696,2.96389698982239,0,0,0,0,0,25200,34500,221414,3395950.5,245386,3762531.5,5687844,34355836,15.72,15.41,15.38,15.47,15.24,466800,7158482,440,0.165556850370342
2018-06-19 09:34:25,<NIL>,SH600637,东方明珠,43270.398900463,15.38,15.38,15.38,15.38,15.38,2700,41526,3,15.38,0,0,15.37,15.36,15.35,15.33,15.32,15.38,15.39,15.4,15.42,15.46,2300,3100,7000,8100,4700,2000,21200,900,5300,2500,0.789968652037618,2.98104047775269,1,2700,41526,0,0,25200,31900,224114,3437476.5,245386,3762531.5,5713044,34387736,15.72,15.41,15.38,15.47,15.24,469500,7200008,443,0.166136089912985
2018-06-19 09:34:27,<NIL>,SH600637,东方明珠,43270.3989236111,15.36,15.36,15.36,15.36,15.36,5400,82967,8,15.38,0,0,15.35,15.33,15.32,15.31,15.3,15.36,15.38,15.39,15.4,15.42,7000,18100,4700,11000,14900,100,2000,21200,900,5300,1.88813559322034,3.0153272151947,2,0,0,5400,82967,55700,29500,224114,3437476.5,250786,3845498.5,5768744,34417236,15.72,15.41,15.36,15.47,15.24,474900,7282975,451,0.167612065071117
2018-06-19 09:34:30,<NIL>,SH600637,东方明珠,43270.3989583333,15.38,15.38,15.38,15.38,15.38,900,13837,4,15.36,0,0,15.37,15.35,15.33,15.32,15.31,15.38,15.39,15.4,15.42,15.46,1000,8000,18100,4700,11100,1500,21200,900,5300,2500,1.36624203821656,3.02104163169861,1,900,13837,0,0,42900,31400,225014,3451313.5,250786,3845498.5,5811644,34448636,15.72,15.41,15.38,15.47,15.24,475800,7296812,455,0.16870461866763
2018-06-19 09:34:32,<NIL>,SH600637,东方明珠,43270.3989814815,15.35,15.35,15.35,15.35,15.35,4600,70630,3,15.38,0,0,15.37,15.36,15.35,15.33,15.32,15.38,15.39,15.4,15.42,15.46,900,500,3400,18100,4700,1600,21200,900,5300,2500,0.876190476190476,3.05024886131287,2,0,0,4600,70630,27600,31500,225014,3451313.5,255386,3916128.5,5839244,34480136,15.72,15.41,15.35,15.47,15.24,480400,7367442,458,0.169350956156321
2018-06-19 09:34:35,<NIL>,SH600637,东方明珠,43270.3990162037,15.38,15.38,15.38,15.38,15.38,300,4614,1,15.35,0,0,15.37,15.36,15.35,15.33,15.32,15.38,15.39,15.4,15.42,15.46,1900,500,3400,18100,4700,1300,21200,900,5300,2500,0.916666666666667,3.05215358734131,1,300,4614,0,0,28600,31200,225314,3455927.5,255386,3916128.5,5867844,34511336,15.72,15.41,15.38,15.47,15.24,480700,7372056,459,0.170026567502342
2018-06-19 09:34:39,<NIL>,SH600637,东方明珠,43270.3990625,15.37,15.37,15.37,15.37,15.37,2500,38431,4,15.38,0,0,15.36,15.35,15.33,15.32,15.31,15.37,15.38,15.39,15.4,15.42,500,3400,18100,4700,11100,1100,800,21200,900,5300,1.2901023890785,3.06802701950073,2,0,0,2500,38431,37800,29300,225314,3455927.5,257886,3954559.5,5905644,34540636,15.72,15.41,15.37,15.47,15.24,483200,7410487,463,0.170976701181762
2018-06-19 09:34:42,<NIL>,SH600637,东方明珠,43270.3990972222,15.38,15.38,15.38,15.38,15.38,3300,50743,9,15.37,0,0,15.36,15.35,15.33,15.32,15.31,15.38,15.39,15.4,15.42,15.45,500,3700,18100,4700,11100,300,21200,900,5300,100,1.3705035971223,3.08898019790649,1,3300,50743,0,0,38100,27800,228614,3506670.5,257886,3954559.5,5943744,34568436,15.72,15.41,15.38,15.47,15.24,486500,7461230,472,0.171941362924258
2018-06-19 09:34:45,<NIL>,SH600637,东方明珠,43270.3991319444,15.38,15.38,15.38,15.38,15.38,0,0,0,15.38,0,0,15.36,15.35,15.33,15.32,15.31,15.38,15.39,15.4,15.42,15.45,500,3700,18100,4400,11100,300,21200,800,5300,100,1.36462093862816,3.08898019790649,0,0,0,0,0,37800,27700,228614,3506670.5,257886,3954559.5,5981544,34596136,15.72,15.41,15.38,15.47,15.24,486500,7461230,472,0.172896302639116
2018-06-19 09:34:48,<NIL>,SH600637,东方明珠,43270.3991666667,15.38,15.38,15.38,15.38,15.38,0,0,0,15.38,0,0,15.36,15.35,15.33,15.32,15.31,15.38,15.39,15.4,15.42,15.45,6300,5300,18100,4400,11100,300,21200,800,5300,100,1.63176895306859,3.08898019790649,0,0,0,0,0,45200,27700,228614,3506670.5,257886,3954559.5,6026744,34623836,15.72,15.41,15.38,15.47,15.24,486500,7461230,472,0.174063439995499
2018-06-19 09:34:52,<NIL>,SH600637,东方明珠,43270.399212963,15.38,15.38,15.38,15.38,15.38,500,7690,2,15.38,0,0,15.36,15.35,15.33,15.32,15.31,15.38,15.39,15.4,15.42,15.45,6300,5300,18100,4400,11100,5900,21200,800,5300,100,1.35735735735736,3.09215474128723,1,500,7690,0,0,45200,33300,229114,3514360.5,257886,3954559.5,6071944,34657136,15.72,15.41,15.38,15.47,15.24,487000,7468920,474,0.175200397401563
2018-06-19 09:34:53,<NIL>,SH600637,东方明珠,43270.399224537,15.38,15.38,15.38,15.38,15.38,500,7690,1,15.38,0,0,15.36,15.35,15.33,15.32,15.31,15.38,15.39,15.4,15.42,15.45,6300,5300,18100,4400,11100,6300,21200,800,5300,100,1.34124629080119,3.09532952308655,1,500,7690,0,0,45200,33700,229614,3522050.5,257886,3954559.5,6117144,34690836,15.72,15.41,15.38,15.47,15.24,487500,7476610,475,0.176333138815104
2018-06-19 09:34:57,<NIL>,SH600637,东方明珠,43270.3992708333,15.37,15.37,15.37,15.37,15.37,600,9227,2,15.38,0,0,15.36,15.35,15.34,15.33,15.32,15.37,15.38,15.39,15.4,15.42,6300,5300,200,13100,4400,2900,7000,21200,800,5300,0.787634408602151,3.09913921356201,1,600,9227,0,0,29300,37200,230214,3531277.5,257886,3954559.5,6146444,34728036,15.72,15.41,15.37,15.47,15.24,488100,7485837,477,0.176987952903527
2018-06-19 09:35:00,<NIL>,SH600637,东方明珠,43270.3993055556,15.38,15.38,15.38,15.38,15.38,5600,86099,3,15.37,0,0,15.36,15.35,15.34,15.33,15.32,15.38,15.39,15.4,15.42,15.45,7300,9800,200,13100,4500,4300,21200,800,5300,100,1.10094637223975,3.13469576835632,1,5600,86099,0,0,34900,31700,235814,3617376.5,257886,3954559.5,6181344,34759736,15.72,15.41,15.38,15.47,15.24,493700,7571936,480,0.177830579610846
2018-06-19 09:35:04,<NIL>,SH600637,东方明珠,43270.3993518519,15.38,15.38,15.38,15.38,15.38,1100,16905,3,15.38,0,0,15.36,15.35,15.34,15.33,15.32,15.38,15.39,15.4,15.42,15.45,7000,9800,200,13100,4500,4200,21200,800,5300,100,1.09493670886076,2.61806678771973,1,1100,16905,0,0,34600,31600,236914,3634281.5,257886,3954559.5,6215944,34791336,15.72,15.41,15.38,15.47,15.24,494800,7588841,483,0.178663561525778
2018-06-19 09:35:07,<NIL>,SH600637,东方明珠,43270.3993865741,15.38,15.38,15.38,15.38,15.38,4400,67668,6,15.38,0,0,15.38,15.36,15.35,15.34,15.33,15.39,15.4,15.42,15.45,15.46,800,6800,9800,200,13100,21200,800,5300,100,2500,1.02675585284281,2.64134788513184,1,4400,67668,0,0,30700,29900,241314,3701949.5,257886,3954559.5,6246644,34821236,15.72,15.41,15.38,15.47,15.24,499200,7656509,489,0.179391794133902
2018-06-19 09:35:10,<NIL>,SH600637,东方明珠,43270.3994212963,15.39,15.39,15.39,15.39,15.39,600,9229,2,15.38,0,0,15.38,15.36,15.35,15.34,15.33,15.39,15.4,15.42,15.45,15.46,1200,5900,9800,200,13100,18100,800,5300,100,2500,1.12686567164179,2.64452242851257,1,600,9229,0,0,30200,26800,241914,3711178.5,257886,3954559.5,6276844,34848036,15.72,15.41,15.39,15.47,15.24,499800,7665738,491,0.180120452125336
2018-06-19 09:35:13,<NIL>,SH600637,东方明珠,43270.3994560185,15.39,15.39,15.39,15.39,15.39,5500,84640,3,15.39,0,0,15.38,15.36,15.35,15.34,15.33,15.39,15.4,15.42,15.45,15.46,1700,5900,9800,200,13100,13400,800,5300,100,2500,1.38914027149321,2.67362380027771,1,5500,84640,0,0,30700,22100,247414,3795818.5,257886,3954559.5,6307544,34870136,15.72,15.41,15.39,15.47,15.24,505300,7750378,494,0.180886704886955
2018-06-19 09:35:16,<NIL>,SH600637,东方明珠,43270.3994907407,15.39,15.39,15.39,15.39,15.39,4600,70763,7,15.39,0,0,15.36,15.35,15.34,15.33,15.32,15.39,15.4,15.42,15.45,15.46,5900,9800,200,13100,4500,11900,800,5300,100,2500,1.62621359223301,2.69796323776245,1,4600,70763,0,0,33500,20600,252014,3866581.5,257886,3954559.5,6341044,34890736,15.72,15.41,15.39,15.47,15.24,509900,7821141,501,0.181740046985538
2018-06-19 09:35:17,<NIL>,SH600637,东方明珠,43270.3995023148,15.39,15.39,15.39,15.39,15.39,200,3078,1,15.39,0,0,15.36,15.35,15.34,15.33,15.32,15.38,15.39,15.4,15.42,15.45,5900,9800,200,13100,4500,97500,11700,800,5300,100,0.290294627383016,2.69902157783508,1,200,3078,0,0,33500,115400,252214,3869659.5,257886,3954559.5,6374544,35006136,15.72,15.41,15.39,15.47,15.24,510100,7824219,502,0.182097904207422
2018-06-19 09:35:20,<NIL>,SH600637,东方明珠,43270.399537037,15.39,15.39,15.39,15.39,15.39,0,0,0,15.39,0,0,15.36,15.35,15.34,15.33,15.32,15.38,15.39,15.4,15.42,15.45,5900,9800,200,13100,4500,98700,11400,800,5300,100,0.28804815133276,2.69902157783508,0,0,0,0,0,33500,116300,252214,3869659.5,257886,3954559.5,6408044,35122436,15.72,15.41,15.39,15.47,15.24,510100,7824219,502,0.18244873447844
2018-06-19 09:35:23,<NIL>,SH600637,东方明珠,43270.3995717593,15.38,15.38,15.38,15.38,15.38,800,12304,2,15.39,0,0,15.36,15.35,15.34,15.33,15.32,15.38,15.39,15.4,15.42,15.45,5900,9800,200,13100,4500,97900,11400,800,5300,100,0.29004329004329,2.70325446128845,1,800,12304,0,0,33500,115500,253014,3881963.5,257886,3954559.5,6441544,35237936,15.72,15.41,15.38,15.47,15.24,510900,7836523,504,0.182801399037673
2018-06-19 09:35:27,<NIL>,SH600637,东方明珠,43270.3996180556,15.38,15.38,15.38,15.38,15.38,5800,89204,3,15.38,0,0,15.36,15.35,15.34,15.33,15.32,15.38,15.39,15.4,15.42,15.45,5900,9800,200,13100,4500,92100,11400,800,5300,100,0.305378304466727,2.73394322395325,1,5800,89204,0,0,33500,109700,258814,3971167.5,257886,3954559.5,6475044,35347636,15.72,15.41,15.38,15.47,15.24,516700,7925727,507,0.1831818116493
2018-06-19 09:35:28,<NIL>,SH600637,东方明珠,43270.3996296296,15.38,15.38,15.38,15.38,15.38,300,4614,1,15.38,0,0,15.36,15.35,15.34,15.33,15.32,15.38,15.39,15.4,15.42,15.45,5900,10100,200,13100,4500,91800,11400,800,5300,100,0.308957952468007,2.73553061485291,1,300,4614,0,0,33800,109400,259114,3975781.5,257886,3954559.5,6508844,35457036,15.72,15.41,15.38,15.47,15.24,517000,7930341,508,0.183569884408838
2018-06-19 09:35:34,<NIL>,SH600637,东方明珠,43270.3996990741,15.36,15.36,15.36,15.36,15.36,6100,93700,3,15.38,0,0,15.35,15.34,15.33,15.32,15.31,15.36,15.38,15.39,15.4,15.42,11600,200,13100,4500,11100,4100,92600,11400,800,5300,0.354640980735552,2.76780652999878,2,0,0,6100,93700,40500,114200,259114,3975781.5,263986,4048259.5,6549344,35571236,15.72,15.41,15.36,15.47,15.24,523100,8024041,511,0.184119101174893
2018-06-19 09:35:37,<NIL>,SH600637,东方明珠,43270.3997337963,15.35,15.35,15.35,15.35,15.35,1800,27638,5,15.36,0,0,15.35,15.34,15.33,15.32,15.31,15.36,15.38,15.39,15.4,15.42,10600,200,13100,4500,11100,3300,92600,11400,800,5300,0.348324514991182,2.77733063697815,2,0,0,1800,27638,39500,113400,259114,3975781.5,265786,4075897.5,6588844,35684636,15.72,15.41,15.35,15.47,15.24,524900,8051679,516,0.18464091941417
2018-06-19 09:35:39,<NIL>,SH600637,东方明珠,43270.3997569444,15.36,15.36,15.36,15.36,15.36,200,3072,2,15.35,0,0,15.35,15.34,15.33,15.32,15.31,15.36,15.38,15.39,15.4,15.42,10600,200,13100,4500,11100,3300,92800,11400,800,5300,0.347711267605634,2.77838897705078,1,200,3072,0,0,39500,113600,259314,3978853.5,265786,4075897.5,6628344,35798236,15.72,15.41,15.36,15.47,15.24,525100,8054751,518,0.185158397190297
2018-06-19 09:35:42,<NIL>,SH600637,东方明珠,43270.3997916667,15.38,15.38,15.38,15.38,15.38,3400,52226,6,15.36,0,0,15.35,15.34,15.33,15.32,15.31,15.38,15.39,15.4,15.42,15.45,10600,200,13100,4500,11100,102700,11400,2800,5300,100,0.322976287816844,2.79637885093689,1,3400,52226,0,0,39500,122300,262714,4031079.5,265786,4075897.5,6667844,35920536,15.72,15.41,15.38,15.47,15.24,528500,8106977,524,0.185627630946264
2018-06-19 09:35:46,<NIL>,SH600637,东方明珠,43270.399837963,15.36,15.36,15.36,15.36,15.36,3100,47632,5,15.38,0,0,15.35,15.34,15.33,15.32,15.31,15.36,15.38,15.39,15.4,15.42,9100,200,13100,4500,11100,4100,101900,11400,2800,5300,0.302788844621514,2.81278157234192,1,3100,47632,0,0,38000,125500,265814,4078711.5,265786,4075897.5,6705844,36046036,15.72,15.41,15.36,15.47,15.24,531600,8154609,529,0.186035546321931
2018-06-19 09:35:49,<NIL>,SH600637,东方明珠,43270.3998726852,15.36,15.36,15.36,15.36,15.36,1300,19959,2,15.36,0,0,15.35,15.34,15.33,15.32,15.31,15.36,15.38,15.39,15.4,15.42,8400,200,13100,4500,11100,3700,101900,11400,2800,5300,0.298161470823341,2.819659948349,1,1300,19959,0,0,37300,125100,267114,4098670.5,265786,4075897.5,6743144,36171136,15.72,15.41,15.36,15.47,15.24,532900,8174568,531,0.186423340422596
2018-06-19 09:35:52,<NIL>,SH600637,东方明珠,43270.3999074074,15.36,15.36,15.36,15.36,15.36,1800,27648,3,15.36,0,0,15.35,15.34,15.33,15.32,15.31,15.36,15.38,15.39,15.4,15.42,8400,200,13100,2500,11100,1900,100700,11400,2800,5300,0.289107289107289,2.82918405532837,1,1800,27648,0,0,35300,122100,268914,4126318.5,265786,4075897.5,6778444,36293236,15.72,15.41,15.36,15.47,15.24,534700,8202216,534,0.186768796257242
2018-06-19 09:35:53,<NIL>,SH600637,东方明珠,43270.3999189815,15.33,15.33,15.33,15.33,15.33,18400,282242,12,15.36,0,0,15.33,15.32,15.31,15.3,15.29,15.35,15.36,15.38,15.39,15.4,3300,2500,11100,10600,10000,11800,1900,100700,11400,2800,0.291601866251944,2.92654132843018,2,0,0,18400,282242,37500,128600,268914,4126318.5,284186,4358139.5,6815944,36421836,15.72,15.41,15.33,15.47,15.24,553100,8484458,546,0.187138945988335
2018-06-19 09:35:57,<NIL>,SH600637,东方明珠,43270.3999652778,15.35,15.35,15.35,15.35,15.35,2300,35305,4,15.33,0,0,15.33,15.32,15.31,15.3,15.29,15.35,15.36,15.38,15.39,15.4,3300,2500,11100,10800,10000,22300,2200,100700,11400,2800,0.270444763271162,2.93871116638184,1,2300,35305,0,0,37700,139400,271214,4161623.5,284186,4358139.5,6853644,36561236,15.72,15.41,15.35,15.47,15.24,555400,8519763,550,0.187456572857657
2018-06-19 09:36:01,<NIL>,SH600637,东方明珠,43270.4000115741,15.35,15.35,15.35,15.35,15.35,3000,46050,1,15.35,0,0,15.34,15.33,15.32,15.31,15.3,15.35,15.36,15.38,15.39,15.4,1000,3300,2500,11100,10800,19300,2200,100700,11400,2800,0.210410557184751,2.53250098228455,1,3000,46050,0,0,28700,136400,274214,4207673.5,284186,4358139.5,6882344,36697636,15.72,15.41,15.35,15.47,15.24,558400,8565813,551,0.187541889619266
2018-06-19 09:36:04,<NIL>,SH600637,东方明珠,43270.4000462963,15.35,15.35,15.35,15.35,15.35,800,12280,2,15.35,0,0,15.34,15.33,15.32,15.31,15.3,15.35,15.36,15.38,15.39,15.4,1000,3300,2500,11100,10800,18500,2200,100700,11400,2800,0.21165191740413,2.53612923622131,1,800,12280,0,0,28700,135600,275014,4219953.5,284186,4358139.5,6911044,36833236,15.72,15.41,15.35,15.47,15.24,559200,8578093,553,0.187630649666513
2018-06-19 09:36:07,<NIL>,SH600637,东方明珠,43270.4000810185,15.33,15.33,15.33,15.33,15.33,8400,128777,7,15.35,0,0,15.32,15.31,15.3,15.29,15.28,15.33,15.34,15.35,15.36,15.37,2000,11100,10800,10000,9600,67379,1000,18900,5300,200,0.468856098901691,2.57422566413879,2,0,0,8400,128777,43500,92779,275014,4219953.5,292586,4486916.5,6954544,36926015,15.72,15.41,15.33,15.47,15.24,567600,8706870,560,0.188337246789289
2018-06-19 09:36:10,<NIL>,SH600637,东方明珠,43270.4001157407,15.33,15.33,15.33,15.33,15.33,2000,30660,4,15.33,0,0,15.32,15.31,15.3,15.29,15.28,15.33,15.34,15.35,15.36,15.37,2000,11100,10800,10000,9600,66779,1000,18900,5000,200,0.473448775019319,2.58329629898071,1,2000,30660,0,0,43500,91879,277014,4250613.5,292586,4486916.5,6998044,37017894,15.72,15.41,15.33,15.47,15.24,569600,8737530,564,0.189044898124134
2018-06-19 09:36:13,<NIL>,SH600637,东方明珠,43270.400150463,15.35,15.35,15.35,15.35,15.35,6700,102799,6,15.33,0,0,15.32,15.31,15.3,15.29,15.28,15.35,15.36,15.37,15.38,15.39,2000,11100,10800,10000,9600,15000,5000,400,100700,11400,0.328301886792453,2.61368250846863,1,6700,102799,0,0,43500,132500,283714,4353412.5,292586,4486916.5,7041544,37150394,15.72,15.41,15.35,15.47,15.24,576300,8840329,570,0.18954156986868
2018-06-19 09:36:14,<NIL>,SH600637,东方明珠,43270.400162037,15.35,15.35,15.35,15.35,15.35,400,6140,1,15.35,0,0,15.32,15.31,15.3,15.29,15.28,15.35,15.36,15.37,15.38,15.39,2000,11100,11800,10000,9600,14600,5000,400,100700,11400,0.336866010598032,2.61549663543701,1,400,6140,0,0,44500,132100,284114,4359552.5,292586,4486916.5,7086044,37282494,15.72,15.41,15.35,15.47,15.24,576700,8846469,571,0.190063572463795
2018-06-19 09:36:18,<NIL>,SH600637,东方明珠,43270.4002083333,15.32,15.32,15.32,15.32,15.32,1300,19946,2,15.35,0,0,15.32,15.31,15.3,15.29,15.28,15.35,15.36,15.37,15.38,15.39,4500,11100,11800,10000,9600,13600,3500,400,100700,11400,0.362654320987654,2.62139248847961,2,0,0,1300,19946,47000,129600,284114,4359552.5,293886,4506862.5,7133044,37412094,15.72,15.41,15.32,15.47,15.24,578000,8866415,573,0.190661447605686
2018-06-19 09:36:21,<NIL>,SH600637,东方明珠,43270.4002430556,15.32,15.32,15.32,15.32,15.32,0,0,0,15.32,0,0,15.33,15.32,15.31,15.3,15.29,15.35,15.36,15.37,15.38,15.39,700,5000,11100,13900,10000,13700,6500,400,100700,11400,0.306706857573474,2.62139248847961,0,0,0,0,0,40700,132700,284114,4359552.5,293886,4506862.5,7173744,37544794,15.72,15.41,15.32,15.47,15.24,578000,8866415,573,0.191071603695575
2018-06-19 09:36:24,<NIL>,SH600637,东方明珠,43270.4002777778,15.32,15.32,15.32,15.32,15.32,0,0,0,15.32,0,0,15.33,15.32,15.31,15.3,15.29,15.34,15.35,15.36,15.37,15.38,1600,5000,11100,13900,10000,100,13700,6500,400,11200,1.30407523510972,2.62139248847961,0,0,0,0,0,41600,31900,284114,4359552.5,293886,4506862.5,7215344,37576694,15.72,15.41,15.32,15.47,15.24,578000,8866415,573,0.192016466376739
2018-06-19 09:36:29,<NIL>,SH600637,东方明珠,43270.4003356481,15.35,15.35,15.35,15.35,15.35,200,3069,2,15.32,0,0,15.33,15.32,15.31,15.3,15.29,15.35,15.36,15.37,15.38,15.39,2600,5200,12100,13900,10000,13600,6500,400,12700,11400,0.982062780269058,2.6222996711731,1,200,3069,0,0,43800,44600,284314,4362621.5,293886,4506862.5,7259144,37621294,15.72,15.41,15.35,15.47,15.24,578200,8869484,575,0.192953065357082
2018-06-19 09:36:33,<NIL>,SH600637,东方明珠,43270.4003819444,15.33,15.33,15.33,15.33,15.33,1164,17844,3,15.35,0,0,15.33,15.32,15.31,15.3,15.29,15.35,15.36,15.37,15.38,15.39,1436,10200,12100,13900,10000,13600,6500,400,12700,11400,1.06807174887892,2.62757873535156,2,0,0,1164,17844,47636,44600,284314,4362621.5,295050,4524706.5,7306780,37665894,15.72,15.41,15.33,15.47,15.24,579364,8887328,578,0.193989289090019
2018-06-19 09:36:36,<NIL>,SH600637,东方明珠,43270.4004166667,15.3,15.3,15.3,15.3,15.3,42136,645049,29,15.33,0,0,15.29,15.28,15.27,15.26,15.25,15.3,15.32,15.33,15.35,15.36,10000,9600,9400,1900,1700,24279,3400,8564,13600,3500,0.611139231014379,2.81867742538452,2,0,0,42136,645049,32600,53343,284314,4362621.5,337186,5169755.5,7339380,37719237,15.72,15.41,15.3,15.47,15.24,621500,9532377,607,0.194579227570271
2018-06-19 09:36:38,<NIL>,SH600637,东方明珠,43270.4004398148,15.3,15.3,15.3,15.3,15.3,3200,48960,3,15.3,0,0,15.29,15.28,15.27,15.26,15.25,15.3,15.32,15.33,15.35,15.36,10000,9600,9400,1900,1700,21079,3400,18564,13600,3500,0.542041467834993,2.83319020271301,1,3200,48960,0,0,32600,60143,287514,4411581.5,337186,5169755.5,7371980,37779380,15.72,15.41,15.3,15.47,15.24,624700,9581337,610,0.195132371150612
2018-06-19 09:36:43,<NIL>,SH600637,东方明珠,43270.4004976852,15.32,15.32,15.32,15.32,15.32,22700,347342,6,15.3,0,0,15.29,15.28,15.27,15.26,15.25,15.32,15.33,15.35,15.36,15.37,10000,9600,9400,1900,1700,1779,18564,13600,3500,400,0.861453901646275,2.93614101409912,1,22700,347342,0,0,32600,37843,310214,4758923.5,337186,5169755.5,7404580,37817223,15.72,15.41,15.32,15.47,15.24,647400,9928679,616,0.19579914685962
2018-06-19 09:36:44,<NIL>,SH600637,东方明珠,43270.4005092593,15.32,15.32,15.32,15.32,15.32,100,1532,1,15.32,0,0,15.29,15.28,15.27,15.26,15.25,15.32,15.33,15.35,15.36,15.37,10000,9600,9400,1900,1700,1679,18964,13600,3500,400,0.854678446897203,2.93659472465515,1,100,1532,0,0,32600,38143,310314,4760455.5,337186,5169755.5,7437180,37855366,15.72,15.41,15.32,15.47,15.24,647500,9930211,617,0.196463032479992
2018-06-19 09:36:49,<NIL>,SH600637,东方明珠,43270.4005671296,15.29,15.29,15.29,15.29,15.29,3600,55059,3,15.32,0,0,15.3,15.29,15.28,15.27,15.26,15.32,15.33,15.35,15.36,15.37,1000,6900,9600,9400,1900,1179,18964,13600,3500,400,0.765082485455463,2.95292162895203,2,0,0,3600,55059,28800,37643,310314,4760455.5,340786,5224814.5,7465980,37893009,15.72,15.41,15.29,15.47,15.24,651100,9985270,620,0.197027900317972
2018-06-19 09:36:52,<NIL>,SH600637,东方明珠,43270.4006018518,15.29,15.29,15.29,15.29,15.29,0,0,0,15.29,0,0,15.3,15.29,15.28,15.27,15.26,15.32,15.33,15.35,15.36,15.37,3200,7300,9600,9400,1900,1179,18964,13600,400,400,0.909011956112671,2.95292162895203,0,0,0,0,0,31400,34543,310314,4760455.5,340786,5224814.5,7497380,37927552,15.72,15.41,15.29,15.47,15.24,651100,9985270,620,0.197676348845293
2018-06-19 09:36:54,<NIL>,SH600637,东方明珠,43270.400625,15.3,15.3,15.3,15.3,15.3,4800,73466,6,15.29,0,0,15.29,15.28,15.27,15.26,15.25,15.3,15.32,15.33,15.35,15.36,7300,9600,9400,1900,1700,1200,779,18964,13600,400,0.855679249062759,2.97469091415405,2,0,0,4800,73466,29900,34943,310314,4760455.5,345586,5298280.5,7527280,37962495,15.72,15.41,15.3,15.47,15.24,655900,10058736,626,0.198282014920252
2018-06-19 09:36:57,<NIL>,SH600637,东方明珠,43270.4006597222,15.3,15.3,15.3,15.3,15.3,1200,18360,1,15.3,0,0,15.3,15.29,15.28,15.27,15.26,15.32,15.33,15.35,15.36,15.37,4300,7300,9600,9400,1900,779,18964,13600,400,400,0.951878862431538,2.9801332950592,1,1200,18360,0,0,32500,34143,311514,4778815.5,345586,5298280.5,7559780,37996638,15.72,15.41,15.3,15.47,15.24,657100,10077096,627,0.198959181599172
2018-06-19 09:37:00,<NIL>,SH600637,东方明珠,43270.4006944444,15.3,15.3,15.3,15.3,15.3,0,0,0,15.3,0,0,15.3,15.29,15.28,15.27,15.26,15.32,15.33,15.35,15.36,15.37,4300,7300,9800,9400,1900,7779,18964,13600,400,400,0.794788906982962,2.9801332950592,0,0,0,0,0,32700,41143,311514,4778815.5,345586,5298280.5,7592480,38037781,15.72,15.41,15.3,15.47,15.24,657100,10077096,627,0.199603651958562
2018-06-19 09:37:03,<NIL>,SH600637,东方明珠,43270.4007291667,15.3,15.3,15.3,15.3,15.3,0,0,0,15.3,0,0,15.3,15.29,15.28,15.27,15.26,15.32,15.33,15.35,15.36,15.37,5300,7300,9800,9400,1900,7779,18964,13600,400,400,0.81909437814452,2.60761666297913,0,0,0,0,0,33700,41143,311514,4778815.5,345586,5298280.5,7626180,38078924,15.72,15.41,15.3,15.47,15.24,657100,10077096,627,0.200272990906991
2018-06-19 09:37:07,<NIL>,SH600637,东方明珠,43270.400775463,15.32,15.32,15.32,15.32,15.32,6600,101000,9,15.3,0,0,15.3,15.29,15.28,15.27,15.26,15.32,15.33,15.35,15.36,15.37,12500,7300,9600,9400,1900,6779,18964,13600,400,400,1.01387539546123,2.63380789756775,1,6600,101000,0,0,40700,40143,318114,4879815.5,345586,5298280.5,7666880,38119067,15.72,15.41,15.32,15.47,15.24,663700,10178096,636,0.201129791555496
2018-06-19 09:37:09,<NIL>,SH600637,东方明珠,43270.4007986111,15.3,15.3,15.3,15.3,15.3,10000,153000,2,15.32,0,0,15.3,15.29,15.28,15.27,15.26,15.32,15.33,15.35,15.36,15.37,3000,7300,9600,9400,2900,6779,18964,13600,400,400,0.802132376753108,2.67349171638489,2,0,0,10000,153000,32200,40143,318114,4879815.5,355586,5451280.5,7699080,38159210,15.72,15.41,15.3,15.47,15.24,673700,10331096,638,0.201762038574698
2018-06-19 09:37:11,<NIL>,SH600637,东方明珠,43270.4008217593,15.32,15.32,15.32,15.32,15.32,1100,16852,1,15.3,0,0,15.31,15.3,15.29,15.28,15.27,15.32,15.33,15.35,15.36,15.37,200,3600,7300,9600,9400,5679,18964,13600,400,400,0.770944855671951,2.67785692214966,1,1100,16852,0,0,30100,39043,319214,4896667.5,355586,5451280.5,7729180,38198253,15.72,15.41,15.32,15.47,15.24,674800,10347948,639,0.20234380876005
2018-06-19 09:37:16,<NIL>,SH600637,东方明珠,43270.4008796296,15.3,15.3,15.3,15.3,15.3,1300,19898,4,15.32,0,0,15.31,15.3,15.29,15.28,15.27,15.32,15.33,15.35,15.36,15.37,100,3800,7300,9400,9400,5379,8964,13600,400,400,1.04373238701597,2.68301582336426,2,0,0,1300,19898,30000,28743,319214,4896667.5,356886,5471178.5,7759180,38226996,15.72,15.41,15.3,15.47,15.24,676100,10367846,643,0.202976451510864
2018-06-19 09:37:18,<NIL>,SH600637,东方明珠,43270.4009027778,15.32,15.32,15.32,15.32,15.32,300,4596,1,15.3,0,0,15.31,15.3,15.29,15.28,15.27,15.32,15.33,15.35,15.36,15.37,100,4500,7300,9400,9400,5079,8964,13600,400,400,1.0793516858278,2.68420624732971,1,300,4596,0,0,30700,28443,319514,4901263.5,356886,5471178.5,7789880,38255439,15.72,15.41,15.32,15.47,15.24,676400,10372442,644,0.203628038355539
2018-06-19 09:37:22,<NIL>,SH600637,东方明珠,43270.4009490741,15.32,15.32,15.32,15.32,15.32,4934,75512,7,15.32,0,0,15.3,15.29,15.28,15.27,15.26,15.32,15.33,15.35,15.36,15.37,1666,7300,10200,9400,13400,4079,8964,13600,400,400,1.5292059905987,2.70378613471985,1,4934,75512,0,0,41966,27443,324448,4976775.5,356886,5471178.5,7831846,38282882,15.72,15.41,15.32,15.47,15.24,681334,10447954,651,0.204578276003358
2018-06-19 09:37:25,<NIL>,SH600637,东方明珠,43270.4009837963,15.32,15.32,15.32,15.32,15.32,2800,42896,2,15.32,0,0,15.3,15.29,15.28,15.27,15.26,15.32,15.33,15.35,15.36,15.37,1666,7300,10200,9400,13400,6279,8964,13600,400,400,1.41571365921128,2.71489763259888,1,2800,42896,0,0,41966,29643,327248,5019671.5,356886,5471178.5,7873812,38312525,15.72,15.41,15.32,15.47,15.24,684134,10490850,653,0.205515350397814
2018-06-19 09:37:28,<NIL>,SH600637,东方明珠,43270.4010185185,15.3,15.3,15.3,15.3,15.3,4166,63739,5,15.32,0,0,15.29,15.28,15.27,15.26,15.25,15.3,15.32,15.33,15.35,15.36,7300,10700,9400,13400,3700,3834,6579,8964,13600,400,1.33325343799622,2.73142981529236,2,0,0,4166,63739,44500,33377,327248,5019671.5,361052,5534917.5,7918312,38345902,15.72,15.41,15.3,15.47,15.24,688300,10554589,658,0.206496955007083
2018-06-19 09:37:29,<NIL>,SH600637,东方明珠,43270.4010300926,15.3,15.3,15.3,15.3,15.3,2000,30600,1,15.3,0,0,15.29,15.28,15.27,15.26,15.25,15.3,15.32,15.33,15.35,15.36,6900,10700,9400,13400,3700,1834,6579,8964,13600,400,1.40548809637633,2.73936653137207,1,2000,30600,0,0,44100,31377,329248,5050271.5,361052,5534917.5,7962412,38377279,15.72,15.41,15.3,15.47,15.24,690300,10585189,659,0.207477241937866
2018-06-19 09:37:32,<NIL>,SH600637,东方明珠,43270.4010648148,15.3,15.3,15.3,15.3,15.3,600,9180,2,15.3,0,0,15.29,15.28,15.27,15.26,15.25,15.3,15.31,15.32,15.33,15.35,6900,10700,9400,14400,3700,1234,5600,6579,8964,13600,1.25357867526475,2.74174761772156,1,600,9180,0,0,45100,35977,329848,5059451.5,361052,5534917.5,8007512,38413256,15.72,15.41,15.3,15.47,15.24,690900,10594369,661,0.208456997240744
2018-06-19 09:37:36,<NIL>,SH600637,东方明珠,43270.4011111111,15.31,15.31,15.31,15.31,15.31,6734,102986,4,15.3,0,0,15.3,15.29,15.28,15.27,15.26,15.31,15.32,15.33,15.35,15.36,12466,1900,10700,9400,14400,5100,6579,8964,13600,400,1.41055913171492,2.76847052574158,1,6734,102986,0,0,48866,34643,336582,5162437.5,361052,5534917.5,8056378,38447899,15.72,15.41,15.31,15.47,15.24,697634,10697355,665,0.209540136380404
2018-06-19 09:37:39,<NIL>,SH600637,东方明珠,43270.4011458333,15.31,15.31,15.31,15.31,15.31,0,0,0,15.31,0,0,15.3,15.29,15.28,15.27,15.26,15.31,15.32,15.33,15.35,15.36,13866,1900,10700,9400,14700,5100,6579,8964,13600,400,1.45963109430477,2.76847052574158,0,0,0,0,0,50566,34643,336582,5162437.5,361052,5534917.5,8106944,38482542,15.72,15.41,15.31,15.47,15.24,697634,10697355,665,0.210665501255089
2018-06-19 09:37:42,<NIL>,SH600637,东方明珠,43270.4011805556,15.31,15.31,15.31,15.31,15.31,0,0,0,15.31,0,0,15.3,15.29,15.28,15.27,15.26,15.31,15.32,15.33,15.35,15.36,23366,1900,10700,9400,14700,5100,6579,8964,13600,400,1.73385676760096,2.76847052574158,0,0,0,0,0,60066,34643,336582,5162437.5,361052,5534917.5,8167010,38517185,15.72,15.41,15.31,15.47,15.24,697634,10697355,665,0.212035484940034
2018-06-19 09:37:45,<NIL>,SH600637,东方明珠,43270.4012152778,15.32,15.32,15.32,15.32,15.32,5400,82677,3,15.31,0,0,15.31,15.3,15.29,15.28,15.27,15.32,15.33,15.35,15.36,15.37,6500,33966,1900,10700,9400,6279,12164,13600,400,400,1.90195779922662,2.7898998260498,1,5400,82677,0,0,62466,32843,341982,5245114.5,361052,5534917.5,8229476,38550028,15.72,15.41,15.32,15.47,15.24,703034,10780032,668,0.213475227566631
2018-06-19 09:37:48,<NIL>,SH600637,东方明珠,43270.40125,15.32,15.32,15.32,15.32,15.32,0,0,0,15.32,0,0,15.31,15.3,15.29,15.28,15.27,15.32,15.33,15.35,15.36,15.37,6500,40966,1900,10700,9400,6279,12164,13600,400,400,2.11509301829918,2.7898998260498,0,0,0,0,0,69466,32843,341982,5245114.5,361052,5534917.5,8298942,38582871,15.72,15.41,15.32,15.47,15.24,703034,10780032,668,0.215093946741288
2018-06-19 09:37:51,<NIL>,SH600637,东方明珠,43270.4012847222,15.32,15.32,15.32,15.32,15.32,0,0,0,15.32,0,0,15.31,15.3,15.29,15.28,15.27,15.32,15.33,15.35,15.36,15.37,11500,41366,1900,10700,9400,6279,12164,13600,400,400,2.27951161586944,2.7898998260498,0,0,0,0,0,74866,32843,341982,5245114.5,361052,5534917.5,8373808,38615714,15.72,15.41,15.32,15.47,15.24,703034,10780032,668,0.21684975189116
2018-06-19 09:37:55,<NIL>,SH600637,东方明珠,43270.4013310185,15.31,15.31,15.31,15.31,15.31,9600,147022,6,15.32,0,0,15.31,15.3,15.29,15.28,15.27,15.32,15.33,15.35,15.36,15.37,6500,41666,1900,10700,9400,1679,12164,13600,400,400,2.48436780795241,2.82799625396729,2,0,0,9600,147022,70166,28243,341982,5245114.5,370652,5681939.5,8443974,38643957,15.72,15.41,15.31,15.47,15.24,712634,10927054,674,0.218506971219329
2018-06-19 09:37:55,<NIL>,SH600637,东方明珠,43270.4013310185,15.32,15.32,15.32,15.32,15.32,1600,24512,2,15.31,0,0,15.31,15.3,15.29,15.28,15.27,15.32,15.33,15.35,15.36,15.37,8800,41666,1900,9700,9400,79,12164,13600,400,400,2.68235559058665,2.83434557914734,1,1600,24512,0,0,71466,26643,343582,5269626.5,370652,5681939.5,8515440,38670600,15.72,15.41,15.32,15.47,15.24,714234,10951566,676,0.220204496439155
2018-06-19 09:38:01,<NIL>,SH600637,东方明珠,43270.401400463,15.32,15.32,15.32,15.32,15.32,79,1210,1,15.32,0,0,15.32,15.31,15.3,15.29,15.28,15.33,15.35,15.36,15.37,15.38,621,8800,41666,2400,8400,12164,13600,400,400,12700,1.57617665036675,2.51969695091248,1,79,1210,0,0,61887,39264,343661,5270836.5,370652,5681939.5,8577327,38709864,15.72,15.41,15.32,15.47,15.24,714313,10952776,677,0.221579879484981
2018-06-19 09:38:04,<NIL>,SH600637,东方明珠,43270.4014351852,15.32,15.32,15.32,15.32,15.32,0,0,0,15.32,0,0,15.32,15.31,15.3,15.29,15.28,15.33,15.35,15.36,15.37,15.38,1621,8800,41666,2400,8400,12164,13600,400,400,12700,1.60164527302363,2.51969695091248,0,0,0,0,0,62887,39264,343661,5270836.5,370652,5681939.5,8640214,38749128,15.72,15.41,15.32,15.47,15.24,714313,10952776,677,0.222978282246764
2018-06-19 09:38:07,<NIL>,SH600637,东方明珠,43270.4014699074,15.32,15.32,15.32,15.32,15.32,0,0,0,15.32,0,0,15.32,15.31,15.3,15.29,15.28,15.33,15.35,15.36,15.37,15.38,1621,10100,41666,2400,8400,12164,3600,400,400,12700,2.19337752870421,2.51969695091248,0,0,0,0,0,64187,29264,343661,5270836.5,370652,5681939.5,8704401,38778392,15.72,15.41,15.32,15.47,15.24,714313,10952776,677,0.224465238269808
2018-06-19 09:38:09,<NIL>,SH600637,东方明珠,43270.4014930556,15.33,15.33,15.33,15.33,15.33,5000,76650,1,15.32,0,0,15.32,15.31,15.3,15.29,15.28,15.33,15.35,15.36,15.37,15.38,1621,10100,41666,2400,8400,7164,3600,400,400,12700,2.64535938015166,2.53733420372009,1,5000,76650,0,0,64187,24264,348661,5347486.5,370652,5681939.5,8768588,38802656,15.72,15.41,15.33,15.47,15.24,719313,11029426,678,0.22597906699995
2018-06-19 09:38:13,<NIL>,SH600637,东方明珠,43270.4015393518,15.33,15.33,15.33,15.33,15.33,800,12264,1,15.33,0,0,15.32,15.31,15.3,15.29,15.28,15.33,15.35,15.36,15.37,15.38,1621,10300,32366,2400,8400,11364,3600,400,400,12700,1.93532181000562,2.54015612602234,1,800,12264,0,0,55087,28464,349461,5359750.5,370652,5681939.5,8823675,38831120,15.72,15.41,15.33,15.47,15.24,720113,11041690,679,0.227232049964049
2018-06-19 09:38:16,<NIL>,SH600637,东方明珠,43270.4015740741,15.33,15.33,15.33,15.33,15.33,0,0,0,15.33,0,0,15.32,15.31,15.3,15.29,15.28,15.33,15.34,15.35,15.36,15.37,621,10800,42366,2400,13400,11364,200,3600,400,400,4.3589952392884,2.54015612602234,0,0,0,0,0,69587,15964,349461,5359750.5,370652,5681939.5,8893262,38847084,15.72,15.41,15.33,15.47,15.24,720113,11041690,679,0.228929975799471
2018-06-19 09:38:25,<NIL>,SH600637,东方明珠,43270.4016782407,15.32,15.32,15.32,15.32,15.32,2121,32494,3,15.33,0,0,15.31,15.3,15.29,15.28,15.27,15.32,15.33,15.34,15.35,15.36,10800,42366,2400,13100,9400,3879,11364,200,3600,400,4.01512112328344,2.54763793945313,2,0,0,2121,32494,78066,19443,349461,5359750.5,372773,5714433.5,8971328,38866527,15.72,15.41,15.32,15.47,15.24,722234,11074184,682,0.230824019856469
2018-06-19 09:38:28,<NIL>,SH600637,东方明珠,43270.401712963,15.33,15.33,15.33,15.33,15.33,14400,220713,8,15.32,0,0,15.31,15.3,15.29,15.28,15.27,15.33,15.34,15.35,15.36,15.37,11800,42366,2400,13100,9400,843,200,3600,400,400,14.5261804152122,2.59843301773071,1,14400,220713,0,0,79066,5443,363861,5580463.5,372773,5714433.5,9050394,38871970,15.72,15.41,15.33,15.47,15.24,736634,11294897,690,0.232825709630873
2018-06-19 09:38:30,<NIL>,SH600637,东方明珠,43270.4017361111,15.33,15.33,15.33,15.33,15.33,843,12923,1,15.33,0,0,15.33,15.32,15.31,15.3,15.29,15.34,15.35,15.36,15.37,15.38,157,1100,17100,42366,2400,200,3600,400,400,12700,3.64872832369942,2.60140657424927,1,843,12923,0,0,63123,17300,364704,5593386.5,372773,5714433.5,9113517,38889270,15.72,15.41,15.33,15.47,15.24,737477,11307820,691,0.234345283416223
2018-06-19 09:38:33,<NIL>,SH600637,东方明珠,43270.4017708333,15.33,15.33,15.33,15.33,15.33,0,0,0,15.33,0,0,15.33,15.32,15.31,15.3,15.29,15.34,15.35,15.36,15.37,15.38,1157,3900,16100,42366,2400,200,3600,400,400,12700,3.81057803468208,2.60140657424927,0,0,0,0,0,65923,17300,364704,5593386.5,372773,5714433.5,9179440,38906570,15.72,15.41,15.33,15.47,15.24,737477,11307820,691,0.23593547310904
2018-06-19 09:38:37,<NIL>,SH600637,东方明珠,43270.4018171296,15.33,15.33,15.33,15.33,15.33,1357,20805,4,15.33,0,0,15.32,15.31,15.3,15.29,15.28,15.33,15.35,15.36,15.37,15.38,4300,16100,43766,2400,13900,4643,3600,400,400,12700,3.70077726164743,2.60619330406189,2,0,0,1357,20805,80466,21743,364704,5593386.5,374130,5735238.5,9259906,38928313,15.72,15.41,15.33,15.47,15.24,738834,11328625,695,0.237870724066568
2018-06-19 09:38:39,<NIL>,SH600637,东方明珠,43270.4018402778,15.33,15.33,15.33,15.33,15.33,500,7665,1,15.33,0,0,15.32,15.31,15.3,15.29,15.28,15.33,15.35,15.36,15.37,15.38,7500,16100,43766,2400,13900,4143,3600,400,400,12700,3.93852092453985,2.60795712471008,1,500,7665,0,0,83666,21243,365204,5601051.5,374130,5735238.5,9343572,38949556,15.72,15.41,15.33,15.47,15.24,739334,11336290,696,0.239889050339881
2018-06-19 09:38:41,<NIL>,SH600637,东方明珠,43270.4018634259,15.33,15.33,15.33,15.33,15.33,4143,63512,1,15.33,0,0,15.34,15.33,15.32,15.31,15.3,15.35,15.36,15.37,15.38,15.39,4600,5857,7500,16100,44966,4900,400,400,12700,11100,2.67874576271186,2.62257122993469,1,4143,63512,0,0,79023,29500,369347,5664563.5,374130,5735238.5,9422595,38979056,15.72,15.41,15.33,15.47,15.24,743477,11399802,697,0.241734817795485
2018-06-19 09:38:45,<NIL>,SH600637,东方明珠,43270.4019097222,15.34,15.34,15.34,15.34,15.34,300,4602,1,15.33,0,0,15.34,15.33,15.32,15.31,15.3,15.35,15.36,15.37,15.38,15.39,5300,7057,7500,16100,44566,4900,400,400,12700,11100,2.72959322033898,2.62362957000732,2,0,0,300,4602,80523,29500,369347,5664563.5,374430,5739840.5,9503118,39008556,15.72,15.41,15.34,15.47,15.24,743777,11404404,698,0.243616246651119
2018-06-19 09:38:48,<NIL>,SH600637,东方明珠,43270.4019444444,15.34,15.34,15.34,15.34,15.34,0,0,0,15.34,0,0,15.34,15.33,15.32,15.31,15.3,15.35,15.36,15.37,15.38,15.39,5300,7457,7800,16100,44566,4900,400,400,12700,11100,2.7533220338983,2.62362957000732,0,0,0,0,0,81223,29500,369347,5664563.5,374430,5739840.5,9584341,39038056,15.72,15.41,15.34,15.47,15.24,743777,11404404,698,0.245512763238006
2018-06-19 09:38:51,<NIL>,SH600637,东方明珠,43270.4019791667,15.34,15.34,15.34,15.34,15.34,11700,179431,5,15.34,0,0,15.33,15.32,15.31,15.3,15.29,15.34,15.35,15.36,15.37,15.38,17757,8600,16100,44566,2900,3300,4900,400,400,12700,4.14391705069124,2.66490054130554,2,0,0,11700,179431,89923,21700,369347,5664563.5,386130,5919271.5,9674264,39059756,15.72,15.41,15.34,15.47,15.24,755477,11583835,703,0.247678556926981
2018-06-19 09:38:53,<NIL>,SH600637,东方明珠,43270.4020023148,15.33,15.33,15.33,15.33,15.33,13300,203922,6,15.34,0,0,15.34,15.33,15.32,15.31,15.3,15.35,15.36,15.37,15.38,15.39,1000,7757,12300,18100,44866,4900,400,400,12700,11100,2.84823728813559,2.71181559562683,2,0,0,13300,203922,84023,29500,369347,5664563.5,399430,6123193.5,9758287,39089256,15.72,15.41,15.33,15.47,15.24,768777,11787757,709,0.249641154592454
2018-06-19 09:38:58,<NIL>,SH600637,东方明珠,43270.4020601852,15.34,15.34,15.34,15.34,15.34,600,9204,1,15.33,0,0,15.34,15.33,15.32,15.31,15.3,15.35,15.36,15.37,15.38,15.39,400,7757,12300,18100,44866,4900,400,400,12700,11100,2.82789830508475,2.71393203735352,2,0,0,600,9204,83423,29500,369347,5664563.5,400030,6132397.5,9841710,39118756,15.72,15.41,15.34,15.47,15.24,769377,11796961,710,0.251585454302279
2018-06-19 09:38:59,<NIL>,SH600637,东方明珠,43270.4020717593,15.35,15.35,15.35,15.35,15.35,1000,15350,3,15.34,0,0,15.34,15.33,15.32,15.31,15.3,15.35,15.36,15.37,15.38,15.39,400,7757,12300,18100,44066,3900,400,400,12700,11100,2.89905263157895,2.71745944023132,1,1000,15350,0,0,82623,28500,370347,5679913.5,400030,6132397.5,9924333,39147256,15.72,15.41,15.35,15.47,15.24,770377,11812311,713,0.25351286434993
2018-06-19 09:39:04,<NIL>,SH600637,东方明珠,43270.4021296296,15.34,15.34,15.34,15.34,15.34,3900,59826,4,15.35,0,0,15.34,15.33,15.32,15.31,15.3,15.35,15.36,15.37,15.38,15.39,7100,7757,12300,18100,44066,3900,400,400,12700,11100,3.13414035087719,2.45809483528137,2,0,0,3900,59826,89323,28500,370347,5679913.5,403930,6192223.5,10013656,39175756,15.72,15.41,15.34,15.47,15.24,774277,11872137,717,0.255608494192173
2018-06-19 09:39:10,<NIL>,SH600637,东方明珠,43270.4021990741,15.35,15.35,15.35,15.35,15.35,800,12280,1,15.34,0,0,15.34,15.33,15.32,15.31,15.3,15.35,15.36,15.37,15.38,15.39,8100,8757,11200,18100,44066,3100,400,400,12700,11100,3.25714801444043,2.46063446998596,1,800,12280,0,0,90223,27700,371147,5692193.5,403930,6192223.5,10103879,39203456,15.72,15.41,15.35,15.47,15.24,775077,11884417,718,0.257729293050082
2018-06-19 09:39:13,<NIL>,SH600637,东方明珠,43270.4022337963,15.35,15.35,15.35,15.35,15.35,1000,15350,1,15.35,0,0,15.34,15.33,15.32,15.31,15.3,15.35,15.36,15.37,15.38,15.39,8100,8757,11200,18100,44066,2100,400,400,12700,11100,3.37913857677903,2.46380925178528,1,1000,15350,0,0,90223,26700,372147,5707543.5,403930,6192223.5,10194102,39230156,15.72,15.41,15.35,15.47,15.24,776077,11899767,719,0.259853720693846
2018-06-19 09:39:15,<NIL>,SH600637,东方明珠,43270.4022569444,15.35,15.35,15.35,15.35,15.35,1100,16885,4,15.35,0,0,15.34,15.33,15.32,15.31,15.3,15.35,15.36,15.37,15.38,15.39,8100,12757,10400,18100,44066,1000,400,400,12700,11100,3.6493359375,2.46730136871338,1,1100,16885,0,0,93423,25600,373247,5724428.5,403930,6192223.5,10287525,39255756,15.72,15.41,15.35,15.47,15.24,777177,11916652,723,0.262064116151527
2018-06-19 09:39:18,<NIL>,SH600637,东方明珠,43270.4022916667,15.35,15.35,15.35,15.35,15.35,0,0,0,15.35,0,0,15.34,15.33,15.32,15.31,15.3,15.35,15.36,15.37,15.38,15.39,8100,12757,10400,18100,43866,1000,400,400,12700,11100,3.6415234375,2.46730136871338,0,0,0,0,0,93223,25600,373247,5724428.5,403930,6192223.5,10380748,39281356,15.72,15.41,15.35,15.47,15.24,777177,11916652,723,0.264266539067541
2018-06-19 09:39:22,<NIL>,SH600637,东方明珠,43270.402337963,15.35,15.35,15.35,15.35,15.35,2200,33770,3,15.35,0,0,15.34,15.33,15.32,15.31,15.3,15.35,15.36,15.37,15.38,15.39,12000,12757,9600,18100,43866,8800,400,400,12700,11100,2.88392215568862,2.47428584098816,1,2200,33770,0,0,96323,33400,375447,5758198.5,403930,6192223.5,10477071,39314756,15.72,15.41,15.35,15.47,15.24,779377,11950422,726,0.26649207742762
2018-06-19 09:39:25,<NIL>,SH600637,东方明珠,43270.4023726852,15.35,15.35,15.35,15.35,15.35,7100,108985,4,15.35,0,0,15.34,15.33,15.32,15.31,15.3,15.35,15.36,15.37,15.38,15.39,13000,12757,9600,18400,43866,1700,400,400,11700,11100,3.85861660079051,2.496826171875,1,7100,108985,0,0,97623,25300,382547,5867183.5,403930,6192223.5,10574694,39340056,15.72,15.41,15.35,15.47,15.24,786477,12059407,730,0.268802210144287
2018-06-19 09:39:26,<NIL>,SH600637,东方明珠,43270.4023842593,15.35,15.35,15.35,15.35,15.35,300,4605,1,15.35,0,0,15.34,15.33,15.32,15.31,15.3,15.35,15.36,15.37,15.38,15.39,13000,13257,9600,18400,43866,1400,400,400,11700,11100,3.92492,2.49777841567993,1,300,4605,0,0,98123,25000,382847,5871788.5,403930,6192223.5,10672817,39365056,15.72,15.41,15.35,15.47,15.24,786777,12064012,731,0.271124141167232
2018-06-19 09:39:31,<NIL>,SH600637,东方明珠,43270.4024421296,15.35,15.35,15.35,15.35,15.35,11400,174890,4,15.35,0,0,15.35,15.34,15.33,15.32,15.31,15.36,15.37,15.38,15.39,15.4,700,3000,13257,9400,18400,400,400,11700,11100,6500,1.48694352159468,2.53397011756897,1,11400,174890,0,0,44757,30100,394247,6046678.5,403930,6192223.5,10717574,39395156,15.72,15.41,15.35,15.47,15.24,798177,12238902,735,0.272053092009586
2018-06-19 09:39:34,<NIL>,SH600637,东方明珠,43270.4024768519,15.35,15.35,15.35,15.35,15.35,0,0,0,15.35,0,0,15.35,15.34,15.33,15.32,15.31,15.36,15.37,15.38,15.39,15.4,1500,3000,13257,9400,18400,400,1600,11700,11100,6500,1.45549520766773,2.53397011756897,0,0,0,0,0,45557,31300,394247,6046678.5,403930,6192223.5,10763131,39426456,15.72,15.41,15.35,15.47,15.24,798177,12238902,735,0.272992606791744
2018-06-19 09:39:35,<NIL>,SH600637,东方明珠,43270.4024884259,15.35,15.35,15.35,15.35,15.35,800,12280,3,15.35,0,0,15.35,15.34,15.33,15.32,15.31,15.36,15.37,15.38,15.39,15.4,4200,2300,13257,9400,18400,400,1600,11700,11100,6500,1.51939297124601,2.53650975227356,2,0,0,800,12280,47557,31300,394247,6046678.5,404730,6204503.5,10810688,39457756,15.72,15.41,15.35,15.47,15.24,798977,12251182,738,0.273981318146932
2018-06-19 09:39:40,<NIL>,SH600637,东方明珠,43270.4025462963,15.36,15.36,15.36,15.36,15.36,400,6144,1,15.35,0,0,15.35,15.34,15.33,15.32,15.31,15.37,15.38,15.39,15.4,15.41,4200,2300,13257,9400,18400,5900,11700,11100,6500,20900,0.847718360071301,2.53777980804443,1,400,6144,0,0,47557,56100,394647,6052822.5,404730,6204503.5,10858245,39513856,15.72,15.41,15.36,15.47,15.24,799377,12257326,739,0.274795884258929
2018-06-19 09:39:41,<NIL>,SH600637,东方明珠,43270.4025578704,15.35,15.35,15.35,15.35,15.35,4900,75215,6,15.36,0,0,15.34,15.33,15.32,15.31,15.3,15.35,15.36,15.37,15.38,15.39,2300,13257,9400,18400,43566,1600,5500,5900,11700,11100,2.42801675977654,2.55333566665649,2,0,0,4900,75215,86923,35800,394647,6052822.5,409630,6279718.5,10945168,39549656,15.72,15.41,15.35,15.47,15.24,804277,12332541,745,0.276744960815841
2018-06-19 09:39:45,<NIL>,SH600637,东方明珠,43270.4026041667,15.34,15.34,15.34,15.34,15.34,5400,82888,6,15.35,0,0,15.34,15.33,15.32,15.31,15.3,15.36,15.37,15.38,15.39,15.4,300,13257,9400,18100,43566,3700,5900,11700,11100,6500,2.17539845758355,2.57047915458679,2,0,0,5400,82888,84623,38900,394647,6052822.5,415030,6362606.5,11029791,39588556,15.72,15.41,15.34,15.47,15.24,809677,12415429,751,0.278610591404243
2018-06-19 09:39:49,<NIL>,SH600637,东方明珠,43270.402650463,15.36,15.36,15.36,15.36,15.36,3700,56832,3,15.34,0,0,15.36,15.34,15.33,15.32,15.31,15.37,15.38,15.39,15.4,15.41,8000,1600,13257,9400,18100,5900,11700,11100,6500,20900,0.897629233511586,2.58222556114197,1,3700,56832,0,0,50357,56100,398347,6109654.5,415030,6362606.5,11080148,39644656,15.72,15.41,15.36,15.47,15.24,813377,12472261,754,0.279486546686141
2018-06-19 09:39:52,<NIL>,SH600637,东方明珠,43270.4026851852,15.36,15.36,15.36,15.36,15.36,0,0,0,15.36,0,0,15.36,15.35,15.34,15.33,15.32,15.37,15.38,15.39,15.4,15.41,8000,2400,1900,13257,9400,5900,11700,11100,6500,20900,0.623119429590018,2.58222556114197,0,0,0,0,0,34957,56100,398347,6109654.5,415030,6362606.5,11115105,39700756,15.72,15.41,15.36,15.47,15.24,813377,12472261,754,0.2799721244603
2018-06-19 09:39:53,<NIL>,SH600637,东方明珠,43270.4026967593,15.36,15.36,15.36,15.36,15.36,492,7557,1,15.36,0,0,15.36,15.35,15.34,15.33,15.32,15.37,15.38,15.39,15.4,15.41,8508,3000,1400,13257,9400,5900,11700,11100,10000,20900,0.596728187919463,2.58378744125366,2,0,0,492,7557,35565,59600,398347,6109654.5,415522,6370163.5,11150670,39760356,15.72,15.41,15.36,15.47,15.24,813869,12479818,755,0.280446935636089
2018-06-19 09:40:00,<NIL>,SH600637,东方明珠,43270.4027777778,15.36,15.36,15.36,15.36,15.36,100,1536,1,15.36,0,0,15.36,15.35,15.34,15.33,15.32,15.37,15.38,15.39,15.4,15.41,8408,3000,1400,13257,10400,5900,11700,11100,10000,20900,0.611828859060403,2.58410477638245,2,0,0,100,1536,36465,59600,398347,6109654.5,415622,6371699.5,11187135,39819956,15.72,15.41,15.36,15.47,15.24,813969,12481354,756,0.280942927209663
2018-06-19 09:40:01,<NIL>,SH600637,东方明珠,43270.4027893519,15.36,15.36,15.36,15.36,15.36,2500,38400,1,15.36,0,0,15.36,15.35,15.34,15.33,15.32,15.37,15.38,15.39,15.4,15.41,6008,3000,1400,13457,10400,5900,11700,11100,10000,20900,0.57491610738255,2.35640144348145,2,0,0,2500,38400,34265,59600,398347,6109654.5,418122,6410099.5,11221400,39879556,15.72,15.41,15.36,15.47,15.24,816469,12519754,757,0.28138227015366
2018-06-19 09:40:05,<NIL>,SH600637,东方明珠,43270.4028356481,15.37,15.37,15.37,15.37,15.37,500,7685,3,15.36,0,0,15.36,15.35,15.34,15.33,15.32,15.37,15.38,15.39,15.4,15.41,6108,4000,4200,13457,10400,5500,11700,11100,10000,20900,0.644679054054054,2.35784459114075,1,500,7685,0,0,38165,59200,398847,6117339.5,418122,6410099.5,11259565,39938756,15.72,15.41,15.37,15.47,15.24,816969,12527439,760,0.281920773896914
2018-06-19 09:40:08,<NIL>,SH600637,东方明珠,43270.4028703704,15.37,15.37,15.37,15.37,15.37,0,0,0,15.37,0,0,15.36,15.35,15.34,15.33,15.32,15.37,15.38,15.39,15.4,15.41,6108,4000,14500,15357,10400,5500,11700,11100,10000,20900,0.850760135135135,2.35784459114075,0,0,0,0,0,50365,59200,398847,6117339.5,418122,6410099.5,11309930,39997956,15.72,15.41,15.37,15.47,15.24,816969,12527439,760,0.282762699173928
2018-06-19 09:40:11,<NIL>,SH600637,东方明珠,43270.4029050926,15.37,15.37,15.37,15.37,15.37,0,0,0,15.37,0,0,15.36,15.35,15.34,15.33,15.32,15.37,15.38,15.39,15.4,15.41,6108,2500,14500,15357,10400,5500,11700,11100,10000,20900,0.825422297297297,2.35784459114075,0,0,0,0,0,48865,59200,398847,6117339.5,418122,6410099.5,11358795,40057156,15.72,15.41,15.37,15.47,15.24,816969,12527439,760,0.283564689415294
2018-06-19 09:40:16,<NIL>,SH600637,东方明珠,43270.402962963,15.37,15.37,15.37,15.37,15.37,1500,23055,2,15.37,0,0,15.36,15.35,15.34,15.33,15.32,15.37,15.38,15.39,15.4,15.41,6308,2500,14500,15357,10400,4000,11700,11100,10000,20900,0.850346620450607,2.36217355728149,1,1500,23055,0,0,49065,57700,400347,6140394.5,418122,6410099.5,11407860,40114856,15.72,15.41,15.37,15.47,15.24,818469,12550494,762,0.284379931464792
2018-06-19 09:40:19,<NIL>,SH600637,东方明珠,43270.4029976852,15.37,15.37,15.37,15.37,15.37,0,0,0,15.37,0,0,15.36,15.35,15.34,15.33,15.32,15.37,15.38,15.39,15.4,15.41,6308,2000,14500,15457,10400,4000,11700,11100,10000,20900,0.843414211438475,2.36217355728149,0,0,0,0,0,48665,57700,400347,6140394.5,418122,6410099.5,11456525,40172556,15.72,15.41,15.37,15.47,15.24,818469,12550494,762,0.285182874597275
2018-06-19 09:40:20,<NIL>,SH600637,东方明珠,43270.4030092593,15.37,15.37,15.37,15.37,15.37,200,3074,1,15.37,0,0,15.36,15.35,15.34,15.33,15.32,15.37,15.38,15.39,15.4,15.41,6308,2000,14500,15457,10400,3800,11700,11100,10000,20900,0.846347826086956,2.3627507686615,1,200,3074,0,0,48665,57500,400547,6143468.5,418122,6410099.5,11505190,40230056,15.72,15.41,15.37,15.47,15.24,818669,12553568,763,0.285984936237722
2018-06-19 09:40:25,<NIL>,SH600637,东方明珠,43270.4030671296,15.37,15.37,15.37,15.37,15.37,300,4611,1,15.37,0,0,15.36,15.35,15.34,15.33,15.32,15.37,15.38,15.39,15.4,15.41,6308,2000,14500,15457,10400,3500,11700,11100,10000,20900,0.850786713286713,2.3636167049408,1,300,4611,0,0,48665,57200,400847,6148079.5,418122,6410099.5,11553855,40287256,15.72,15.41,15.37,15.47,15.24,818969,12558179,764,0.286786843958794
2018-06-19 09:40:28,<NIL>,SH600637,东方明珠,43270.4031018519,15.37,15.37,15.37,15.37,15.37,0,0,0,15.37,0,0,15.36,15.35,15.34,15.33,15.32,15.37,15.38,15.39,15.4,15.41,6408,3200,14500,15457,10400,4900,11700,11100,10000,20900,0.852645051194539,2.3636167049408,0,0,0,0,0,49965,58600,400847,6148079.5,418122,6410099.5,11603820,40345856,15.72,15.41,15.37,15.47,15.24,818969,12558179,764,0.287608719963706
2018-06-19 09:40:31,<NIL>,SH600637,东方明珠,43270.4031365741,15.37,15.37,15.37,15.37,15.37,4900,75313,7,15.37,0,0,15.37,15.36,15.35,15.34,15.33,15.38,15.39,15.4,15.41,15.42,300,6408,3200,14500,15457,11700,11100,10000,20900,5300,0.675677966101695,2.37775850296021,1,4900,75313,0,0,39865,59000,405747,6223392.5,418122,6410099.5,11643685,40404856,15.72,15.41,15.37,15.47,15.24,823869,12633492,771,0.288175386641645
2018-06-19 09:40:34,<NIL>,SH600637,东方明珠,43270.4031712963,15.37,15.37,15.37,15.37,15.37,0,0,0,15.37,0,0,15.37,15.36,15.35,15.34,15.33,15.38,15.39,15.4,15.41,15.42,1100,6408,3200,14500,15457,11700,11100,10000,20900,5300,0.689237288135593,2.37775850296021,0,0,0,0,0,40665,59000,405747,6223392.5,418122,6410099.5,11684350,40463856,15.72,15.41,15.37,15.47,15.24,823869,12633492,771,0.288760171546676
2018-06-19 09:40:37,<NIL>,SH600637,东方明珠,43270.4032060185,15.37,15.37,15.37,15.37,15.37,0,0,0,15.37,0,0,15.37,15.36,15.35,15.34,15.33,15.38,15.39,15.4,15.41,15.42,5000,5408,3200,14500,15457,11700,11100,10000,20900,5300,0.738389830508475,2.37775850296021,0,0,0,0,0,43565,59000,405747,6223392.5,418122,6410099.5,11727915,40522856,15.72,15.41,15.37,15.47,15.24,823869,12633492,771,0.289414818146085
2018-06-19 09:40:39,<NIL>,SH600637,东方明珠,43270.4032291667,15.37,15.37,15.37,15.37,15.37,2800,43036,5,15.37,0,0,15.37,15.36,15.35,15.34,15.33,15.38,15.39,15.4,15.41,15.42,2300,5408,3200,14500,15457,11700,11100,10000,20900,5300,0.692627118644068,2.38583946228027,2,0,0,2800,43036,40865,59000,405747,6223392.5,420922,6453135.5,11768780,40581856,15.72,15.41,15.37,15.47,15.24,826669,12676528,776,0.290001029031299
2018-06-19 09:40:40,<NIL>,SH600637,东方明珠,43270.4032407407,15.37,15.37,15.37,15.37,15.37,2300,35351,4,15.37,0,0,15.36,15.35,15.34,15.33,15.32,15.37,15.38,15.39,15.4,15.41,5408,3200,14500,15457,10400,800,11700,11100,10000,20900,0.898440366972477,2.39247751235962,2,0,0,2300,35351,48965,54500,405747,6223392.5,423222,6488486.5,11817745,40636356,15.72,15.41,15.37,15.47,15.24,828969,12711879,780,0.290817045701637
2018-06-19 09:40:43,<NIL>,SH600637,东方明珠,43270.403275463,15.37,15.37,15.37,15.37,15.37,0,0,0,15.37,0,0,15.36,15.35,15.34,15.33,15.32,15.37,15.38,15.39,15.4,15.41,5408,3300,14500,15457,10500,800,11700,11100,10000,20900,0.902110091743119,2.39247751235962,0,0,0,0,0,49165,54500,405747,6223392.5,423222,6488486.5,11866910,40690856,15.72,15.41,15.37,15.47,15.24,828969,12711879,780,0.291635791589147
2018-06-19 09:40:46,<NIL>,SH600637,东方明珠,43270.4033101852,15.37,15.37,15.37,15.37,15.37,0,0,0,15.37,0,0,15.36,15.35,15.34,15.33,15.32,15.37,15.38,15.39,15.4,15.41,5408,10700,14500,15457,10500,900,11700,11100,10000,20900,1.03598901098901,2.39247751235962,0,0,0,0,0,56565,54600,405747,6223392.5,423222,6488486.5,11923475,40745456,15.72,15.41,15.37,15.47,15.24,828969,12711879,780,0.292633244796671
